4459 6017
309 496 917 660 cuanncunararrcrs
950 549 1216 654 orarunt.
1346 590 1453 680 241-

153 843 267 911 uero
302 817 455 908 locum
491 813 617 906 ilium
653 813 887 924 occultant,
930 815 1057 906 lateri
1093 818 1259 936 stristro
1304 824 1445 940 affigi·

152 947 519 1064 t03s1militer
507 975 555 1035 rn
590 945 671 1034 tali
690 948 918 1062 pofitione
942 950 1074 1035 sulcus
1093 951 1202 1038 labri
1221 955 1446 1086 inferioris

146 1069 205 1170 ibi
242 1099 455 1196 apparet,
491 1077 556 1168 hic
593 1079 854 1166 occultatur.
921 1081 1113 1169 Porro
1101 1111 1148 1168 111
1168 1108 1444 1173 memoriam

148 1211 454 1301 reuocandum
489 1209 577 1318 est,
627 1209 748 1322 quod
791 1207 918 1324 supra
962 1195 1055 1300 dixi
1099 1214 1154 1298 de
1195 1217 1440 1324 uertebris,

147 1339 272 1458 quod
308 1347 361 1430 ad
398 1361 645 1454 corporum
681 1339 859 1430 suorum
899 1343 1121 1452 margines
1163 1343 1284 1428 leues
1329 1347 1442 1436 finus

145 1473 368 1580 habeant,
390 1463 541 1586 quibua
565 1471 712 1558 costae
731 1468 1079 1582 implantantur,
1102 1474 1308 1586 quodque
1329 1476 1440 1563 haec

142 1603 367 1700 costarum
403 1589 613 1694 cohaesio
649 1600 706 1688 ad
744 1599 936 1690 duorum
976 1627 1228 1716 corporum
1271 1607 1443 1714 confinia

141 1731 249 1844 fiat,
286 1743 348 1854 er'¹
368 1750 455 1822 una
489 1733 733 1844 eademque
767 1723 887 1818 cossa
919 1731 1030 1819 binis
1065 1731 1193 1818 srmul
1219 1738 1439 1822 vertebris

140 1857 356 1982 adplicita
390 1849 461 1952 ¹sit.
528 1861 783 1950 Obseruabis
825 1863 971 1970 enim,
1015 1859 1291 1948 tuberculum
1329 1863 1440 1953 iilud

139 1993 293 2082 costae
328 2018 398 2086 ex.
436 2019 501 2108 gr.
523 1993 766 2108 septimae,
801 1989 923 2104 quod
942 1991 1079 2092 smum
1101 1993 1311 2108 corporis
1331 2021 1436 2081 ver·

140 2123 301 2213 tebrae
333 2125 551 2235 septimae
585 2121 719 2228 subit,
761 2123 1067 2232 magnitudine
1111 2141 1158 2210 et
1203 2123 1438 2214 latitudine

136 2253 346 2382 superare
366 2251 579 2366 alterum,
613 2253 670 2340 ad
690 2248 893 2361 angulum
917 2251 1093 2364 oblique
1113 2249 1194 2365 ipsi
1214 2256 1432 2368 adiacens,

134 2407 232 2506 quo
269 2381 426 2468 eadem
461 2381 582 2482 tosta
613 2378 799 2469 finulum
835 2379 893 2468 ad
932 2385 1181 2494 marginem
1224 2387 1437 2496 corporis
1489 2395 1493 2406 '
1538 2451 1543 2458 -

134 2513 394 2603 uertebrae
399 2511 580 2600 sextae
568 2525 724 2600 antrat
758 2513 868 2632 Quia
889 2535 1004 2597 vero
1035 2511 1146 2596 haec
1163 2515 1311 2598 costae
1331 2539 1435 2600 cum

132 2645 348 2733 vertebra
382 2643 613 2758 superiore
633 2641 874 2730 cohaesio
861 2667 908 2728 rn
929 2640 1216 2752 duodecima,
1252 2662 1297 2724 et
1318 2667 1438 2729 non·

133 2797 379 2890 numquam
419 2777 465 2861 in
500 2773 738 2862 undecima
771 2791 974 2881 quoque,
1020 2767 1258 2874 deficit,
1245 2794 1343 2856 amo
1387 2793 1436 2860 et

131 2904 397 2992 articulatio
432 2900 607 2993 illarum
644 2923 745 2985 cum
779 2897 1044 3012 proeessrbus
1073 2897 1328 2986 transuersas
1352 2903 1435 2988 ob·

128 3033 371 3142 literatum
405 3030 508 3116 hinc
548 3031 595 3114 in
630 3028 787 3115 harum
825 3029 1009 3116 duarum
1046 3029 1266 3117 costarum
1304 3033 1433 3120 ordi·

132 3165 329 3250 natione
365 3162 492 3248 facile
520 3159 710 3264 errabis,
748 3160 915 3245 cauebis
950 3178 1128 3266 autem,
1167 3157 1273 3245 srad
1295 3187 1432 3280 angu-

127 3282 491 3405 lum-tuberosum
523 3289 748 3394 adtendis,
787 3291 862 3402 qui
897 3290 1022 3376 iuxta
1064 3286 1430 3380 attitulationem

128 3423 396 3536 primariam
433 3421 534 3507 srtus
567 3445 625 3506 eo
658 3420 864 3526 inseruit,
902 3441 953 3508 ut
987 3419 1136 3542 costae
1171 3445 1269 3508 cum
1297 3447 1431 3533 prae·
1474 3507 1478 3513 ,

126 3553 328 3640 cedente
346 3553 554 3642 vertebra
575 3575 656 3663 per
674 3549 916 3663 ligamenta
936 3553 1270 3641 connectantur.
1308 3552 1432 3638 Tan·

127 3685 242 3771 dem
282 3685 426 3773 costae
465 3682 636 3795 primae
673 3683 735 3766 ita
757 3697 795 3764 ¹a
815 3681 856 3766 ie
877 3683 1069 3768 inuicem
1100 3683 1431 3774 discernuntura

122 3803 314 3924 repone
352 3817 571 3902 nimirum
600 3838 671 3900 eas
706 3835 858 3897 coram
880 3831 948 3921 te,
985 3831 1035 3901 ut
1056 3812 1320 3900 extremitas
1341 3839 1428 3924 po·

121 3943 297 4033 sterior
328 3945 476 4030 manui
496 3966 597 4029 tuae
627 3944 864 4048 dexterae,
903 3944 1119 4044 anterior,
1144 3962 1293 4056 autem
1324 3942 1430 4027 smi-

125 4077 252 4164 strae
288 4063 577 4186 respondeat:
615 4079 709 4158 tum
745 4098 854 4186 quae
897 4071 1239 4160 extremitatem
1279 4073 1427 4183 poste·

118 4211 306 4294 riorem
332 4197 481 4320 sursum
512 4222 775 4316 uergentem
812 4203 970 4310 habet,
1007 4203 1174 4320 finistro
1198 4205 1328 4290 lateri
1348 4206 1426 4290 ad·

117 4322 311 4444 scribet,
337 4361 341 4368 ’
366 4359 484 4449 quae,
529 4355 678 4419 autem
715 4331 845 4445 plane
881 4333 1103 4420 iacentem
1142 4333 1421 4442 monstrabit,

118 4467 278 4557 dextro
311 4459 441 4554 lateri
470 4453 746 4554 adiudicabis.
788 4465 1021 4553 Praeterea
1040 4465 1151 4552 latus
1172 4463 1317 4550 tostae
1335 4466 1425 4576 pri·

120 4621 234 4686 mae
265 4601 518 4708 internum,
561 4595 734 4712 pedeti
777 4591 1038 4705 obuersam,
1083 4593 1424 4683 conuexitarenr

119 4725 248 4824 Tem.
287 4725 359 4822 V..
735 4723 787 4815 Ii
1286 4743 1423 4836 quan·
