4459 6017
564 567 996 689 {nummum-
1126 687 1130 690 ,
1312 575 1421 710 Zia

132 827 280 918 verbo
301 845 483 932 omnen,
516 829 589 941 qui
616 795 738 913 bello
774 853 873 917 cum
909 824 1035 916 Perse
1064 851 1169 944 rege
1191 847 1426 944 praetores

132 957 324 1046 liriffent.
402 957 572 1044 Xenon
599 977 749 1042 autem
777 959 1053 1067 magnaeuir
1078 963 1353 1052 auctoritatis
1379 966 1428 1052 in

132 1087 334 1174 concilio
353 1083 540 1178 surrexit
590 1086 799 1197 ducitque
815 1087 1125 1195 innocentiae,
1144 1095 1357 1202 quoniam
1379 1113 1433 1182 ct·

134 1211 229 1329 ipse
252 1233 438 1330 praetor
454 1214 552 1303 fuer
609 1270 623 1324 ,
659 1213 704 1301 ie
722 1239 834 1302 uero
860 1213 1059 1304 ostendit
1084 1217 1202 1312 adeo
1233 1219 1344 1306 nihil
1377 1222 1427 1308 iu

133 1347 370 1436 Romanor
389 1344 638 1460 deliquiss'e‚
669 1367 724 1436 vt
742 1341 818 1433 uel
837 1341 1050 1436 Senatum
1077 1346 1335 1439 Romanum
1358 1352 1424 1436 iu·

133 1475 278 1560 dicem
300 1498 392 1561 non
412 1474 693 1564 reformidet.
761 1477 863 1562 Hoc
881 1477 1045 1565 dimum
1081 1478 1272 1590 arripuit
1302 1476 1426 1590 lega·

130 1620 200 1689 tus
218 1607 473 1711 Romanus,
494 1603 668 1717 iuffique
683 1603 883 1694 Romam
904 1607 1058 1692 venite
1074 1609 1132 1690 ad
1145 1595 1336 1692 ‘caulirm
1359 1610 1427 1692 di.

131 1736 316 1818 cendam
342 1733 514 1825 Achaei
548 1733 674 1822 mille
705 1754 755 1819 et
787 1731 989 1845 amplius.
1014 1742 1086 1843 (7)
1119 1725 1426 1852 ΕςραἹνῖγησα
1531 1821 1534 1828 .

133 1853 219 1977 μὲν
253 1862 431 1982 Αχαιῶν
459 1867 490 1983 g
521 1857 643 1983 ἐγὼ,
679 1863 903 1976 inquiebat
926 1853 1105 1957 Xenou
1133 1869 1249 1977 apud
1277 1867 1426 1952 Pausa.

131 1996 274 2105 niam,
311 1999 379 2081 cui
416 2018 563 2080 autem
594 2017 834 2080 annocum
856 2017 942 2104 ego
978 2015 1237 2104 praetorem
1267 1995 1425 2081 adscri-

127 2112 258 2232 bam?
295 2125 516 2244 Qroniam
541 2123 598 2212 C.
619 2120 830 2233 Popilio,
867 2123 910 2208 P.
933 2121 1069 2211 Aelio
1097 2125 1218 2214 Cois.
1257 2121 1424 2210 bellum

125 2251 342 2335 indicium
380 2253 439 2336 eli
484 2253 666 2354 Perseo,
702 2271 776 2335 aut
814 2272 918 2336 ante
947 2253 1160 2362 -priorem
1182 2249 1425 2348 ‚Archonin'
1577 2341 1584 2358 ,

128 2401 412 2490 praeturam,
429 2402 526 2461 cum
545 2377 750 2490 glisceret
766 2375 952 2480 bellum,
973 2398 1046 2461 aut
1064 2397 1171 2461 ante
1189 2379 1425 2468 secundam

127 2506 356 2595 Archonis
373 2529 742 2617 praeturam,cum
764 2523 811 2590 et
819 2501 984 2615 gestum
1003 2503 1131 2611 estet
1148 2501 1419 2594 coniecium.

130 2639 233 2755 Quo
271 2661 343 2722 me
364 2657 536 2722 vertam
558 2635 716 2720 nescio.
739 2633 837 2718 Poll
855 2635 1092 2745 septimum
1119 2653 1169 2717 et
1195 2628 1426 2722 decimum·

126 2789 288 2852 annum
320 2765 514 2850 trecenti
548 2785 594 2850 et
625 2759 781 2874 paullo
811 2763 945 2850 etiarn
965 2759 1134 2867 minus,
1171 2766 1244 2876 qui
1262 2765 1343 2849 soii
1363 2789 1422 2856 ex

125 2897 256 2980 omni
276 2896 356 2978 iilo
379 2919 567 2980 numero
588 2893 866 3003 supererant,
898 2889 1051 2976 dimiffi
1073 2887 1168 2974 sunt
1187 2917 1212 2976 e
1230 2897 1423 2980 carteri-

124 3023 229 3127 bur,
266 3047 366 3106 cum
389 3022 485 3106 satis
505 3048 749 3134 poenarum
770 3019 891 3106 luiffe
911 3021 1176 3107 uiderentur.
1199 3025 1269 3129 (8)
1337 3021 1424 3109 Di.

126 3148 237 3236 milit
255 3147 352 3236 sunt
373 3153 507 3262 igitur
524 3155 573 3241 L.
598 3151 795 3256 Marcio,
832 3151 1143 3262 L.Calpurnio
1163 3150 1290 3240 Cosa
1308 3151 1420 3240 Inde

123 3279 576 3370 controuerfiaecum
597 3280 970 3366 Lacedaemoniis.
1042 3279 1191 3366 Miffus
1230 3281 1290 3365 est
1323 3279 1419 3366 Sul·

126 3411 265 3520 piciur
284 3408 461 3513 Gallus,
498 3414 568 3522 qui
589 3408 1260 3516 Lacedaemoniosnrglnosqne
1281 3409 1416 3493 disce·

127 3559 306 3648 ptantes
325 3539 607 3626 conciliaret:
630 3537 663 3618 is
682 3539 864 3622 caulium
887 3539 1042 3622 reiecit
1063 3535 1415 3644 adcallicratern

123 3669 217 3780 ipse
239 3693 295 3754 ex
314 3670 577 3756 auctoritate
596 3664 781 3779 Senatus
800 3691 928 3778 quum
954 3666 1102 3775 potuit
1127 3663 1335 3772 plurimas
1356 3670 1419 3752 ci·

125 3799 289 3882 uitates
314 3779 364 3881 ab
384 3795 585 3885 Achaico
610 3791 806 3880 concilio
830 3793 1022 3880 auellere
1050 3793 1251 3881 instituit.
1317 3795 1416 3883 Fuit

124 3925 261 4036 igitur
281 3948 377 4011 tum
399 3945 582 4036 praetor
601 3923 874 4014 Callicrates.
943 3923 1090 4011 Modo
1111 3927 1222 4028 item
1243 3924 1415 4009 conlin-

120 4073 218 4158 ret,
259 4081 348 4166 quo
376 4079 493 4138 anno
515 4055 567 4145 C.
589 4052 802 4163 Sulpicius
821 4049 972 4142 Gallus
993 4051 1229 4138 consularis
1247 4052 1417 4164 legatur

122 4182 253 4268 fuerit
277 4188 321 4267 in
341 4179 545 4272 Graecia.
611 4181 797 4270 Constat
820 4205 965 4267 autem
1003 4207 1060 4268 ex
1090 4185 1310 4296 excerptis
1329 4183 1418 4268 Po·-

121 4311 306 4422 lybianie
325 4322 395 4420 (9)
433 4311 686 4399 etDiodori
714 4308 845 4400 Siculi
863 4316 964 4414 (10)
985 4331 1029 4396 et
1051 4335 1107 4396 ex
1127 4309 1296 4419 Polybii
1338 4335 1416 4400 ex·

125 4441 294 4552 cerptis
312 4442 602 4545 l’eirescianis,
625 4449 695 4548 (1)
729 4465 827 4526 eum
847 4445 900 4530 Α.
914 4440 969 4524 V.
992 4440 1046 4530 C.
1071 4463 1094 4546 ς
1102 4445 1165 4547 98
1188 4440 1304 4552 apud
1321 4437 1423 4528 Sar.

120 4572 207 4658 aies
226 4573 422 4683 legatum
447 4575 501 4657 de
521 4573 717 4659 Eumene
737 4593 841 4680 rege
858 4570 1068 4657 'iudicium
1099 4591 1229 4682 quam
1257 4571 1421 4657 acerri-

701 4700 837 4784 Llla
1339 4692 1419 4783 me·

122 4805 1416 4923 WWQWW

122 4923 204 5011 (re)
223 4923 306 5010 leget.
315 4942 364 4988 21.
403 4923 462 5008 (r)
482 4941 511 5005 p.
535 4939 607 5004 ¹44·
