4459 6017
160 1147 1444 1524 omnnmuiinmmavs

530 1559 1071 1692 EVSTACHH.

385 1779 392 1796 ·
662 1761 916 1886 avronu

157 2357 545 2724 GLandular
580 2413 770 2510 Renales
809 2416 872 2504 nil
911 2417 1026 2506 aliud
1065 2419 1150 2504 esse
1184 2445 1311 2535 quam
1332 2419 1437 2507 iim.

367 2547 505 2660 plices
541 2545 756 2658 capsulas¹
798 2547 852 2636 ad
888 2549 1007 2634 usum
1047 2549 1223 2644 Renum
1272 2541 1443 2663 porriii·
1531 2615 1536 2624 .

269 2669 271 2672 ’
364 2704 485 2764 mum
523 2676 779 2783 fabricatas,
841 2678 884 2762 id
936 2681 1105 2790 opinor
1143 2700 1234 2763 tam
1291 2701 1444 2764 earum

141 2835 359 2921 ‚partium
415 2829 517 2894 ante
571 2829 615 2896 et
661 2807 760 2918 post
806 2828 979 2918 partum
1028 2806 1437 2920 contemplatione,

155 2965 293 3052 quam
332 2936 668 3022 circumstantiis
707 2936 799 3022 aliis
829 2958 1032 3022 nontam
1062 2941 1284 3024 coniicere
1313 2958 1443 3053 quam

158 3063 469 3152 demonstrare
492 3065 690 3175 procliue
713 3064 792 3151 est:
828 3065 1084 3170 Viceuersa,
1102 3091 1201 3152 cum
1224 3060 1444 3178 praecon-

155 3215 297 3306 cepta
333 3193 562 3304 glandulae
581 3195 733 3299 idaea,
772 3219 879 3306 quae
919 3194 1162 3282 multorum
1190 3200 1348 3282 animis
1377 3199 1442 3280 in·

156 3325 358 3430 haeret,
415 3348 487 3410 eas
540 3325 680 3408 minus
744 3325 993 3410 consentire
1054 3328 1443 3438 improsperasquo

155 3455 263 3542 sore
290 3451 508 3540 eiusmodi
544 3438 771 3564 principio
793 3451 987 3538 subnixas
1007 3452 1327 3565 disquifitiones
1348 3453 1442 3542 fere

161 3584 503 3673 existimandum
541 3579 642 3667 eise.
709 3583 1029 3700 Quamobrem,
1069 3585 1122 3668 ad
1147 3583 1442 3670 illustrandam

154 3713 330 3802 hancce
360 3714 585 3824 Corporis
603 3711 795 3798 Humani
815 3709 1093 3822 particulam,
1130 3739 1300 3824 operae
1338 3737 1444 3824 pre·

155 3847 277 3934 tium
299 3843 408 3950 eiie,
427 3839 666 3952 insigniora
688 3837 1001 3952 phaenomena
1021 3839 1090 3926 seu
1111 3843 1443 3951 obseruationes

153 3996 257 4063 tam
278 3997 304 4060 e
328 3971 543 4058 foetuum
565 3997 693 4084 quam
715 3970 986 4058 Adultorum
1025 3971 1365 4082 perlustratione
1383 3969 1442 4062 eo

152 4103 435 4220 spestanres,
473 4125 628 4189 coram
681 4101 927 4190 Academia
976 4103 1125 4214 paucis
1170 4127 1443 4217 exponere,

154 4237 303 4325 'eiium
341 4229 415 4316 est.

177 4427 182 4435 ’
227 4487 231 4496 ·
281 4413 379 4536 Obs.
411 4421 448 4510 1.
492 4415 729 4512 Giaudulas
771 4423 960 4515 Renales
999 4421 1044 4510 in
1086 4385 1260 4516 veronis
1300 4425 1442 4520 latere

153 4551 356 4649 Renibus
391 4551 645 4646 constanter
687 4548 916 4638 affidentes
960 4555 1167 4670 inuenio,
1219 4582 1439 4674 quumque

700 4679 887 4778 vBba
962 4797 963 4800 w
1340 4687 1443 4813 Ren
