4459 6017
576 555 977 666 taratrum.
1063 578 1069 600 “
1306 690 1314 718 Ι
1350 525 1469 691 ιὸι·

164 798 245 922 ξαν
265 791 461 928 Aprica,
496 791 953 931 supportandam
988 797 1206 914 oruhsseiuc
1254 805 1339 924 την
1371 815 1451 906 Νι·

163 931 331 1040 ιιιιιλέις
357 933 416 1022 rir‘
456 926 630 1050 cuprius
665 923 900 1024 καἹιὶλιοιν.
985 937 1099 1026 Cum
1146 945 1363 1033 uersatum
1408 934 1485 1034 1ιι

165 1067 390 1179 republica
419 1061 550 1165 ducit,
585 1062 637 1145 ab
674 1085 734 1147 eo
754 1078 994 1172 tempore,
1026 1089 1114 1176 quo
1136 1067 1356 1157 Nicoclen
1386 1094 1459 1182 ty·

164 1217 354 1282 cunnum
391 1186 649 1302 Sicyonium
682 1185 919 1302 oppreffit,
963 1187 1099 1276 isthuc
1143 1197 1320 1302 quidem
1362 1223 1460 1286 ιιοιι

170 1319 303 1436 plane
327 1313 556 1460 fignificat,
570 1316 777 1402 iaderam
805 1315 1001 1430 usquein
1030 1319 1356 1429 magistratibus
1373 1324 1460 1414 effe

171 1430 422 1562 corpiffe,
431 1469 475 1532 at
509 1442 730 1530 Plutarchi
765 1463 919 1531 tamen
962 1446 1114 1532 auimo
1154 1475 1250 1536 eam
1274 1453 1459 1578 opinio-

172 1601 279 1662 nem
313 1571 489 1680 srdiss'r,
525 1595 621 1657 ιιοιι
651 1569 848 1657 absurdus
862 1573 947 1680 cst,
982 1576 1055 1686 qui
1095 1576 1348 1690 suspicetur.
1387 1577 1460 1668 1111

171 1725 321 1792 autem
356 1701 542 1812 triginta
580 1719 669 1784 tres
706 1702 807 1786 anni
828 1725 918 1788 non
946 1701 1123 1812 possunt
1147 1706 1198 1789 ab
1226 1706 1315 1794 alio
1337 1709 1461 1820 prin·

64 1917 68 1926 ,
173 1832 296 1943 cipio
334 1831 460 1936 duci,
495 1847 626 1940 quam
662 1825 713 1910 ab
752 1852 811 1914 eo
849 1849 1085 1938 tempore,
1123 1853 1221 1917 cunr
1255 1855 1463 1946 praetuta

173 1983 316 2047 annua
342 1953 423 2042 fuit
460 1951 697 2041 constituta
730 1951 783 2038 ah
816 1953 1021 2049 Achaeis.
1084 1957 1236 2047 Nam
1224 1987 1270 2047 ιιι
1290 1965 1464 2050 decima

175 2087 311 2173 t'trtia
351 2102 582 2196 ptautura,
614 2101 665 2166 ιι
705 2082 855 2190 uides,
891 2087 1054 2171 Aratus
1079 2087 1236 2175 tertius
1264 2109 1308 2175 et
1332 2090 1467 2176 trite

173 2212 304 2300 fimus
337 2231 517 2323 praetor
547 2231 709 2294 annuus
739 2203 836 2294 fuir
906 2207 992 2314 Sic,
1017 2231 1145 2321 putu,
1168 2236 1346 2329 tempus
1376 2215 1468 2329 ipsa

174 2343 223 2429 in
269 2335 606 2426 commentariis
647 2331 928 2442 inssgniuerat
969 2345 1152 2424 Aratus:
1189 2365 1298 2452 ιιοιι,
1349 2341 1471 2453 quod

177 2484 256 2555 tot
293 2487 434 2550 annos
472 2459 748 2570 magistratus
779 2459 983 2570 gestarit,
1019 2463 1090 2546 sed
1117 2469 1272 2584 quod,
1308 2461 1474 2557 hocii·

179 2593 261 2681 lius
294 2592 466 2680 formae
500 2587 766 2699 ‘reipublicae
798 2585 982 2700 spatium
1027 2587 1259 2680 exstiterit
1325 2597 1475 2685 Ante·

183 2721 311 2833 q'uam
349 2720 568 2801 decimum
594 2738 640 2801 at
676 2715 858 2800 tertium
889 2732 1074 2828 praetor
1109 2718 1213 2826 suit,
1265 2720 1335 2808 sub
1373 2722 1472 2814 Ne·

185 2847 300 2944 meis
329 2845 461 2956 ludis,
497 2841 619 2931 hello
641 2839 936 2934 Cleomenico
961 2847 1154 2952 indicto,
1193 2849 1353 2937 Aratus
1371 2871 1474 2938 cum

184 2979 426 3089 Antigono
462 2975 572 3086 egit,
613 2990 663 3060 ut
697 2971 863 3062 auxilio
891 2975 1066 3062 ueniret
1097 2959 1286 3065 Achaeis
1312 2959 1494 3066 contra.

187 3103 449 3218 Spartanos.
511 3103 573 3191 Et
625 3108 724 3186 curn
773 3101 1029 3214 Antigonus
1080 3105 1166 3191 aliu
1211 3107 1475 3195 conditione
1535 3095 1539 3107 ’

185 3257 318 3348 quarn
351 3227 593 3320 tradendae
630 3227 845 3320 Corinthi
880 3227 965 3317 sese
1000 3253 1234 3348 moturum
1256 3257 1350 3321 non
1389 3216 1476 3320 effa

188 3359 410 3465 ostendit,
446 3362 611 3448 Aratus
645 3357 775 3443 misso
814 3359 868 3443 ad
903 3381 1075 3488 regern
1103 3343 1249 3450 Arato
1289 3359 1386 3453 filio
1421 3361 1478 3449 da

151 3489 375 3578 ¹sordere
409 3485 624 3574 conuenit
660 3485 707 3570 in
735 3512 831 3574 cam
863 3471 1199 3596 conditionem,
1231 3494 1351 3602 quod
1380 3500 1479 3576 tum

190 3613 436 3709 Corinthus
467 3611 608 3702 auulsa
643 3634 667 3696 a
711 3611 897 3702 nornine
936 3613 1135 3702 Achaico
1173 3615 1399 3728 Spartanis
1435 3619 1480 3704 sa
1567 3701 1574 3726 „

191 3743 435 3834 dedidisset.
452 3746 560 3848 (ro)
621 3739 889 3828 Auhumnus
934 3761 1032 3829 erat
1069 3769 1170 3831 cnm
1224 3749 1483 3858 Antigonus

192 3873 452 3961 aduentarrt
497 3856 855 3980 Cleomenrsquc
908 3872 1155 3960 exercitum
1208 3870 1394 3964 haberet
1427 3873 1485 3961 ad

189 3999 427 4096 Isthmum:
464 3995 637 4082 interea
667 3999 817 4107 Argos
851 3999 1239 4109 petAristotclem
1266 4003 1485 4116 Argiuum
1545 4067 1546 4070 κ
1619 3987 1636 4126 “,

193 4124 463 4272 proditione
513 4121 776 4236 receperunt
819 4125 1003 4212 Achaei.
1031 4131 1103 4235 (ι)
1164 4123 1273 4217 Dux
1307 4153 1487 4217 memo-

194 4247 343 4347 rab'ilis
377 4251 444 4338 rei
478 4257 665 4357 Aratus,
706 4245 781 4334 sed
820 4240 1140 4344 Macedonicis
1166 4280 1265 4344 cum
1304 4259 1484 4372 copiis,

192 4403 248 4475 ιι
276 4383 497 4498 priuatum
525 4397 585 4468 eu
619 4399 829 4530 tenpore
864 4376 984 4467 niue
1016 4404 1245 4496 appareat
1266 4389 1337 4496 (2)
1401 4385 1490 4478 Ci-

1368 4513 1488 4600 uita·
