4459 6017
792 589 891 691 276
954 573 1048 674 Au
1079 566 1468 723 creavimus
1499 555 1853 697 ulQVORVM
1867 565 2036 662 DIFF.

915 811 952 910 9.
991 847 1036 924 9.
1073 807 1257 928 Magnus
1287 807 1554 925 Homlergirrs
1588 816 1813 923 egregium
1852 817 1984 897 etiam
2008 819 2081 896 de·

795 946 860 1032 dit
883 949 1087 1050 modum,
1125 971 1215 1056 quo
1253 945 1475 1027 mediante
1510 947 1624 1027 idem
1648 943 1859 1025 volumen
1878 941 2075 1026 diuerso·

793 1101 892 1160 rum
932 1077 1154 1186 liquorum
1190 1075 1455 1156 obtineatur.
1481 1177 1494 1194 „
1525 1069 1704 1157 Scilicet
1742 1071 1987 1179 logenulam
2018 1076 2077 1155 vi·

793 1227 938 1290 rreum
975 1209 1045 1306 A,
1085 1225 1185 1284 cum
1231 1201 1529 1311 praecedente
1567 1196 1721 1282 tubulo
1754 1199 1948 1282 breuiori
1981 1199 2074 1302 (b),

733 1318 1191 1442 ‘-quam.trgenulae
1223 1327 1387 1412 collum
1432 1331 1498 1432 (a)
1545 1327 1641 1445 est,
1680 1329 1930 1411 adornauit.
2002 1329 2075 1412 Pcr

791 1459 906 1544 hunc
943 1458 1066 1544 insuit
1101 1459 1285 1567 liquoris
1303 1477 1478 1541 tantum
1497 1453 1655 1556 effluit,
1684 1477 1901 1564 quantum·
1914 1455 2074 1542 tubulus

791 1589 850 1692 (b)
888 1589 1142 1696 permittit,
1179 1605 1225 1670 et
1261 1583 1318 1668 sse
1366 1585 1485 1667 idem
1522 1580 1739 1668 volumen
1780 1584 1964 1693 liquoris
2007 1610 2068 1667 re·

793 1739 946 1803 manet
982 1717 1031 1800 in
1066 1711 1293 1826 lagenula,
1325 1714 1631 1836 qualiscunque
1664 1712 1804 1795 etiarn
1843 1709 2047 1798 ufrrerir.

916 1963 956 2062 l.
996 1997 1075 2060 ιο.
1110 1969 1226 2059 Mihi
1260 1993 1384 2057 vero
1410 1970 1566 2082 aptior
1597 1970 1988 2057 videturmodusa
2008 1995 2075 2054 me

792 2101 1072 2214 propofitus,¹
1106 2127 1206 2186 cum
1229 2097 1384 2208 lagena
1418 2097 1608 2184 embolo
1630 2098 1767 2182 clausa
1783 2153 1800 2202 ,
1832 2104 1927 2209 quir
1955 2094 2076 2182 Hora.

794 2230 924 2340 hergli
960 2229 1300 2314 instrumentum
1336 2226 1528 2336 postulat
1560 2225 1691 2310 litum
1725 2230 1771 2309 in
1801 2226 2074 2336 planohori·

793 2357 967 2445 zontall
999 2357 1046 2463 Ι,
1079 2375 1132 2443 tt
1163 2356 1209 2444 id
1246 2354 1677 2465 perpendiculariter
1713 2359 1925 2464 erigatur.
1986 2355 2071 2442 De·

796 2485 900 2572 cliui
932 2486 1055 2570 enim
1090 2488 1141 2572 iu
1174 2481 1315 2594 plano
1344 2482 1539 2595 politum
1561 2481 1622 2568 IL
1655 2505 1732 2568 aut
1763 2480 1865 2596 plus
1895 2485 2075 2597 liquoris

793 2632 1003 2702 remanet
1033 2614 1083 2698 in
1113 2611 1339 2724 lageuula,
1373 2631 1450 2699 aut
1481 2612 1627 2697 minus
1639 2611 1737 2719 111,
1777 2635 1919 2725 prout
1952 2615 2071 2700 litum

794 2741 929 2828 fuerit
966 2743 1106 2830 nasta.
1168 2744 1232 2828 Et
1261 2761 1505 2856 quanquam
1523 2743 1683 2853 exigua
1701 2746 1976 2854 percipiatur
2002 2739 2098 2829 dii·-

794 2870 1007 2976 sereutin,
1041 2891 1196 2956 tamen
1229 2873 1370 2982 aliqua
1387 2873 1627 2977 inuenitur,
1643 2870 1817 2958 libratis
1838 2873 2075 2986 liquoribus

796 3001 851 3084 ad
883 2994 1102 3086 bilancem
1143 3001 1364 3086 exactam.
1701 2997 1705 3003 ’

919 3245 955 3345 5.
998 3283 1077 3341 ιι,
1109 3255 1294 3344 Deinde
1327 3256 1516 3343 clausum
1534 3249 1636 3341 mea
1661 3256 1889 3345 methodo
1910 3261 2074 3349 nitrum

791 3407 884 3471 una
917 3409 1020 3470 cum
1053 3379 1230 3497 liquore·
1262 3386 1600 3497 iihraiipotest,
1633 3385 1721 3471 line
1741 3386 2071 3476 effirfionisme·

796 3533 870 3620 tu„
905 3536 952 3600 et
987 3519 1179 3624 graui-raa
1212 3518 1321 3604 uitri·
1353 3515 1565 3604 subtrahi:
1596 3517 1717 3628 quod
1748 3519 1808 3604 ad
1841 3519 1965 3631 plura
1993 3544 2073 3608 ex·

797 3645 1052 3755 perlmeutu
1084 3645 1218 3732 ualde
1248 3644 1365 3736 utile
1395 3667 1529 3765 atque
1560 3650 2041 3738 commodumiuueni.
