4459 6017
774 584 870 666 160
946 567 1037 662 na
1071 503 1690 663 connumeramur
1708 539 1935 666 noras

769 837 862 902 tam
896 817 941 902 in
977 811 1209 908 collisrone
1243 809 1464 926 utriusque
1498 811 1706 928 corporis
1739 833 1889 898 motus
1911 835 2050 902 muta·

768 946 946 1034 tionem
979 946 1142 1030 subeat.
1444 1055 1448 1062 .
1537 1003 1541 1010 .

891 1199 932 1298 l.
971 1235 1013 1290 2.
1049 1203 1265 1289 quentae
1302 1201 1397 1285 lunt
1442 1200 1529 1286 iam
1554 1201 1803 1312 'lupetiore
1847 1199 2049 1289 seculoa

721 1409 725 1414 .
770 1337 876 1425 viris
914 1336 1110 1420 maxime
1146 1335 1317 1418 meritis
1364 1327 1560 1438 Wranno,
1611 1327 1796 1444 Wallisto
1833 1355 1878 1416 et
1914 1329 2047 1444 Hage-

767 1469 833 1556 κίο
869 1465 1045 1578 regulae
1081 1461 1503 1548 communicationis
1531 1483 1679 1544 motus
1701 1489 1757 1546 ex
1776 1463 2047 1578 quibuscog·

767 1595 983 1701 noscitur,
1019 1593 1185 1676 duobus
1221 1592 1483 1700 corporibus
1520 1594 1567 1676 in
1603 1593 1644 1674 le
1682 1591 1871 1674 inuicem
1907 1597 2049 1676 incur·

767 1726 992 1827 tentibus,
1029 1742 1189 1831 quanta
1223 1719 1363 1804 lutura
1383 1719 1449 1803 .stt
1484 1720 1706 1832 utriusque
1728 1725 1934 1830 corporis
1955 1723 2051 1831 post

769 1834 1027 1941 conflictum
1064 1849 1281 1934 celeritas.
1349 1849 1542 1960 Regulae
1587 1852 1721 1933 etiam
1768 1851 1869 1934 istae
1913 1877 2048 1962 expe·

767 1985 972 2084 timentis
1006 1982 1185 2092 egregie
1223 1975 1564 2084 confirmantur,
1601 1999 1651 2064 ut
1688 1983 1907 2064 decarum
1934 1985 2049 2066 veri·

771 2134 865 2199 tate
903 2112 1021 2196 nefas
1058 2111 1164 2194 ellet
1203 2107 1414 2190 dubitare.
1486 2108 1627 2192 Variis
1665 2130 1814 2192 tamen
1844 2111 2052 2195 inceden-

768 2263 836 2327 tes
871 2243 952 2325 viis
985 2238 1051 2322 illi
1088 2241 1139 2321 ad
1168 2237 1250 2322 lras
1288 2235 1464 2345 tegulas·
1500 2259 1814 2348 peruenerunt,
1851 2259 1897 2322 et
1935 2243 2050 2351 post·

770 2371 957 2456 modum
995 2367 1046 2450 ab
1085 2366 1175 2451 aliis
1212 2367 1356 2479 plures
1392 2389 1441 2450 ac
1478 2368 1671 2454 diuersae
1713 2369 1921 2453 inuentae
1961 2374 2051 2457 lunt

770 2499 1189 2585 demonstrationes.
1255 2499 1420 2584 Harum
1459 2517 1605 2582 autem
1646 2493 1794 2603 nulla,
1841 2506 2050 2609 quantum
2175 2505 2176 2558 .

764 2628 876 2714 mihi
897 2629 1097 2730 videtur,
1122 2625 1415 2738 engannim,
1439 2623 1510 2710 sed
1534 2627 1757 2713 deriuatae
1778 2627 1871 2716 sunt
1897 2654 2053 2718 omnes
2175 2625 2176 2632 ‘

765 2783 824 2846 ex
860 2757 1012 2845 alienis
1051 2756 1299 2872 principiis.
1947 2791 1949 2798 >
2175 2757 2176 2760 ‘

742 3095 747 3113 .
884 3011 923 3109 l.
965 3049 1009 3128 3.
1065 3017 1265 3105 Accedit¹
1309 3018 1363 3102 ad
1415 3017 1530 3122 hoc,
1579 3017 1698 3132 quod
1734 3011 2052 3108 nullus'aclhuc

580 3152 585 3160 '
695 3169 707 3178 “
765 3145 906 3268 ipsam
938 3147 1213 3232 alterationis
1249 3169 1398 3233 motus
1433 3149 1598 3233 cansam
1622 3149 2049 3260 monllrauerit,nc-

761 3279 847 3388 q'ue
883 3277 1120 3390 quomodo
1158 3301 1353 3389 corpora
1390 3279 1434 3364 in
1472 3278 1512 3364 sc
1535 3303 1690 3364 mutuo
1719 3304 1850 3390 agere
1870 3280 2044 3393 politur,

759 3391 1046 3516 explicuerit.
1112 3408 1237 3493 Hanc
1276 3408 1332 3490 ob
1370 3432 1461 3490 rem
1501 3433 1667 3518 operae
1714 3409 1908 3517 pretium
1953 3411 2046 3494 sote

763 3517 1033 3640 existimaui,
1093 3535 1214 3623 istam
1271 3535 1620 3624 dissertationem
1667 3553 1945 3650 proponere,
2003 3543 2047 3622 in
2176 3585 2177 3614 t

761 3651 849 3778 qua
880 3666 1058 3778 regulae
1088 3668 1517 3769 ¹communicationis
1551 3689 1700 3752 motus
1721 3693 1776 3752 ex
1808 3668 2047 3754 certilsrmis

662 3894 665 3901 Ἰ
763 3793 1047 3879 mechanicae
1084 3797 1313 3908 principiis
1350 3795 2048 3908 deducantur3s1mulqueosten·
2092 3853 2094 3856 -

763 3921 916 4026 datur,
955 3918 1191 4036 quomodo
1229 3928 1271 4016 in
1310 3925 1397 4036 ipsa
1435 3925 1665 4042 collisione
1701 3937 1895 4042 corpora
1925 3929 1970 4016 in
2006 3929 2046 4014 se

763 4075 920 4141 mutuo
958 4077 1088 4164 agant
1128 4075 1362 4170 motusque
1390 4059 1655 4170 immutent.

820 4285 926 4418 fl·
962 4283 1009 4434 4
1050 4284 1241 4426 Accipio
1278 4313 1349 4398 hic
1386 4333 1590 4426 tanquam
1612 4295 1901 4426 indubitatum
1926 4320 2048 4430 prin·

695 4515 699 4522 .
759 4436 953 4552 cipium‚
996 4467 1180 4526 omnem
1221 4441 2051 4558 motusvcl'diminutionemtelaug-

757 4572 1096 4662 mantationem
1135 4572 1208 4661 tel
1242 4565 1498 4664 directionis
1520 4579 1819 4666 mutationem
1859 4577 2048 4697 produci

1911 4731 2045 4822 apo·
