4459 6017
836 618 940 710 ,20
1164 583 1169 590 ·
1271 577 1760 682 couraurrouns

835 829 1024 942 :Scythas
1061 827 1160 931 hic,
1202 828 1308 914 dicit
1327 827 1581 938 Appianas,
1612 824 1810 936 populos
1836 829 1892 914 ad
1920 829 2084 916 occider·-

835 961 932 1044 .tale
988 958 1088 1044 litus
1129 959 1262 1042 Ponti
1316 957 1492 1045 Euxini.
1560 955 1633 1042 Ab
1677 954 1965 1042 Dioscuriade
1998 963 2081 1042 triu

843 1085 1127 1173 Mithridates
1170 1086 1428 1172 Heniochus
1461 1082 1618 1195 petiit,
1656 1086 1727 1194 qui
1762 1109 1784 1166 a
1834 1107 2008 1196 quatuor
2033 1115 2081 1171 rt·

837 1216 966 1325 2gibus
1020 1213 1295 1302 tenebantur.
1377 1215 1454 1298 llis
1488 1198 1724 1297 'trausstum
1758 1216 1955 1300 comiter
1990 1238 2079 1326 pnt-

706 1355 710 1360 ’
837 1338 1069 1448 bentibus,
1106 1336 1282 1454 Zygios
1315 1341 1498 1443 uitauit,
1535 1365 1633 1424 tum
1660 1340 1735 1424 'ob
1772 1339 1976 1428 locorum
2004 1341 2080 1425 diffi-

837 1473 1078 1580 cultatem,
1119 1493 1213 1556 tum
1253 1469 1311 1557 ob
1344 1470 1566 1554 feritatem
1587 1471 1751 1579 gentis:
1786 1469 1932 1582 itaque
1965 1495 2075 1554 eoruu

837 1600 888 1684 in
930 1601 1160 1709 prouincia
1195 1599 1425 1682 secundum
1463 1596 1563 1705 litus
1605 1600 1736 1680 matis
1774 1598 1862 1682 iter
1883 1600 1997 1700 secit,
2027 1624 2074 1680 na·

841 1751 918 1811 ues
954 1734 1083 1836 saepe
1122 1728 1443 1826 conscendens,
1481 1725 1554 1807 vbi
1592 1725 1807 1810 terrestris
1838 1731 1906 1811 uia
1932 1751 2074 1837 oonpr-

842 1857 977 1940 tehat.
998 1861 1065 1962 (5)
1128 1854 1240 1940 Inde
1278 1877 1378 1938 eum
1423 1850 1630 1936 Achaeos
1676 1855 1919 1958 admisisse,
1970 1855 2076 1936 scribit

837 1983 1027 2090 Strabo,
1063 1984 1293 2093 Appianus
1311 1987 1383 2087 (6)
1422 1978 1623 2067 obsistere
1670 1983 1792 2065 ausos
1832 2004 1881 2066 et
1922 1981 2077 2091 repulsos

838 2113 974 2198 suisse.
1048 2110 1294 2197 Maeoticas
1326 2112 1533 2217 regiones
1568 2109 1779 2222 ingrell'us
1819 2110 2076 2210 Mithridates,

843 2239 995 2324 multis
1032 2238 1217 2322 subditas
1253 2238 1433 2347 regulis,
1470 2238 1526 2321 ob
1556 2234 1716 2322 samam
1737 2265 1875 2324 rerum
1895 2237 2075 2344 gelatum

837 2366 896 2452 a‘b
934 2359 1137 2450 omnibus
1169 2367 1362 2474 benigne
1406 2364 1769 2475 hospitaliterque
1806 2369 1984 2453 dedndtus
2016 2362 2077 2448 til:

838 2517 1023 2579 munera
1059 2495 1281 2604 utrimque
1319 2495 1444 2599 data,
1476 2493 1630 2580 foedus
1669 2497 1842 2584 initum·
1876 2495 2074 2580 firmatum·

835 2647 923 2731 que
963 2620 1188 2708 elocandis
1224 2624 1340 2708 inter
1388 2622 1610 2731 principes
1656 2621 1825 2708 filiabus
1878 2621 2074 2731 registr)

838 2749 1098 2854 Machares,
1137 2749 1209 2838 uhi
1247 2752 1487 2860 cognouit,
1516 2771 1688 2859 patrem
1717 2751 1891 2864 claustra
1912 2746 2072 2858 Scythica,

805 2981 814 2992 .
839 2899 891 2965 ut
918 2883 1147 2990 Appianus
1172 2878 1387 2990 loquitur,
1431 2879 1668 2982 Caucasea,
1692 2881 1886 2991 inquam,
1906 2877 2069 2973 transilla,

836 3013 1076 3116 omniaque
1112 3009 1228 3091 intra
1276 3008 1481 3122 Maeotin
1525 3030 1570 3094 et
1611 3008 1778 3092 Tanain
1820 3011 1893 3110 (in
1932 3031 1999 3118 qua
2027 3028 2072 3084 re·

838 3137 975 3242 gione
1009 3135 1262 3243 Bosporani
1296 3138 1421 3244 regni
1460 3135 1711 3245 Maeoticae
1744 3154 1904 3247 gentes
1936 3160 1958 3220 a
1987 3153 2073 3217 utte-

836 3263 952 3348 ribus
988 3262 1202 3348 collocari
1237 3263 1410 3369 solent)
1444 3249 1695 3366 tenetes:
1734 3265 1945 3376 Bosporo
1985 3263 2073 3350 Cim·

836 3394 986 3478 merlo
1027 3395 1069 3475 in
1105 3390 1296 3478 Pontum
1336 3393 1389 3474 ad
1434 3394 1666 3480 Romanos
1698 3391 1837 3500 fugit,
1886 3394 2075 3491 medioque

838 3521 884 3604 in
921 3523 1063 3626 cursu,
1097 3520 1170 3604 uel
1205 3523 1288 3632 iple
1322 3519 1393 3607 libi
1425 3529 1573 3605 manus
1606 3522 1780 3622 intulit,
1820 3521 1916 3628 vel,
1948 3543 1988 3604 vt
2009 3515 2076 3602 Diu

835 3649 998 3736 *Callrus
1035 3647 1201 3752 refert,
1236 3651 1287 3732 ab
1320 3649 1475 3731 amicis
1510 3649 1587 3731 suis
1623 3649 1873 3735 interfectus
1911 3653 1993 3733 suit.
2017 3645 2076 3730 su·

833 3779 1072 3889 Pompeius
1092 3775 1401 3863 Mithridatem
1438 3777 1714 3888 persequenS,
1757 3778 2009 3865 Colchidem
2033 3775 2078 3851 in·

834 3909 973 3992 rrauit
1006 3931 1053 3994 et
1093 3906 1145 3990 ad
1173 3905 1328 3992 Phasin
1364 3902 1561 4012 fluuium,
1601 3904 1834 3993 Seruilium
1854 3933 1950 3992 cum
1971 3897 2081 4002 classe,

832 4061 919 4146 qna
962 4035 1092 4122 Ponti
1134 4060 1264 4120 oram
1308 4034 1534 4138 tuebatur,
1588 4035 1768 4118 obuium
1820 4033 1980 4118 habuit.
2035 4036 2078 4112 ht

836 4165 1063 4274 postquam
1096 4162 1357 4273 cognouit,
1376 4189 1457 4271 per
1490 4187 1602 4275 quae
1636 4163 1763 4267 loca,
1799 4190 1927 4276 quam
1950 4156 2078 4244 difficili

833 4294 998 4380 itinere
1031 4292 1216 4378 adeatur
1249 4293 1502 4400 Bosporus,
1539 4318 1667 4402 quam
1705 4294 1860 4378 deinde
1881 4313 2029 4399 anceps
2050 4285 2080 4365 iu

830 4418 1084 4536 longinquis
1116 4420 1371 4530 regionibus
1403 4442 1454 4507 et
1489 4422 1695 4534 inquietis
1727 4421 1893 4508 <bellum
1922 4419 2078 4504 futurum

1976 4547 2078 4654 esset,

916 4695 1097 4778 <r>⁵t1¹b0
1120 4717 1148 4784 t>-
1170 4716 1240 4783 ψ·
1275 4698 1338 4785 (⁶)
1361 4719 1393 4782 n·
1417 4716 1483 4784 2⁹⁹·
1524 4699 1582 4783 (t)
1602 4699 1752 4781 *nunu
1771 4703 1793 4762 1·
1807 4716 1838 4761 ε·
