4459 6017
718 363 724 378 ,
799 327 813 365 0

182 493 644 620 unumunurn
683 509 771 610 aa·
803 507 1008 678 uonna
1046 485 1348 616 treunam.
1368 531 1461 614 :m

185 763 367 878 quoties
401 761 563 848 cadem
584 754 755 849 reflexa
773 755 933 846 sursum
963 779 1225 872 pergerent:
1259 756 1468 870 Alterum,

186 894 309 1006 quod
344 893 482 978 nullas
513 896 701 1004 superne
726 914 854 1002 rugas
886 887 1103 978 haberent
1138 889 1325 980 laciniae
1369 891 1470 982 folii

188 1025 393 1136 primarii
435 1023 593 1110 sursum
632 1022 857 1124 reflexae,
896 1018 978 1105 etsr
1008 1043 1173 1108 contra
1207 1021 1476 1110 destinatioa

64 1265 67 1270 Ι
187 1178 293 1240 trern
316 1150 392 1238 tibi
409 1154 684 1238 ordinariam
709 1152 1033 1260 dirigerentnr3
1055 1154 1151 1236 imo
1173 1152 1312 1240 nullas
1329 1155 1470 1240 etiarn

188 1282 497 1394 acquirerent,
533 1305 631 1369 curn
671 1281 846 1368 inuerso
891 1281 1054 1366 irenam
1093 1275 1175 1368 fitu
1207 1281 1394 1394 raphani
1424 1280 1472 1364 iu

187 1413 483 1500 dirediionern
522 1407 767 1496 naturalem
801 1407 954 1496 denuo
991 1405 1348 1499 relledierentur.
1386 1409 1475 1501 Iste

183 1543 368 1656 quidem
400 1541 590 1626 omnino
623 1539 882 1642 ostendunt,
919 1540 968 1622 in
1004 1563 1056 1625 ea
1096 1538 1276 1650 plantae
1310 1560 1466 1654 parte,
1506 1611 1513 1620 .

180 1696 298 1784 quae
329 1671 525 1758 nutritur
558 1669 610 1756 ab
647 1669 915 1770 intrinseco,
952 1658 1170 1776 inferiores.
1182 1664 1342 1785 fortius
1376 1693 1473 1754 cre·

181 1803 306 1887 scere
341 1799 495 1915 fibras,
526 1825 661 1918 quant
693 1800 976 1917 superiore53
1012 1797 1173 1914 plane,
1228 1819 1280 1890 ut
1322 1797 1471 1917 requi·

177 1952 315 2022 artur.

305 2175 350 2280 5.
385 2201 470 2302 34.
516 2181 606 2278 Sed
650 2185 820 2274 radices
861 2183 917 2274 ab
968 2183 1226 2276 extrinseco
1282 2180 1471 2299 nutriri,

179 2321 409 2425 cresccre,
447 2339 493 2404 er
527 2315 783 2404 conseruari
822 2317 991 2406 docent
1032 2317 1344 2431 phaenomena
1386 2343 1474 2406 uo·

180 2452 292 2558 stra,
308 2449 506 2559 superius
523 2445 728 2558 expofitu
747 2440 788 2540 §-
813 2455 958 2536 18.ct
983 2477 1060 2556 19.
1126 2447 1282 2558 Itaque
1306 2451 1472 2537 mirum

182 2603 282 2666 noa
321 2579 407 2683 est,
444 2580 721 2666 contrariam
759 2576 934 2664 illarum
971 2579 1141 2664 sortem
1181 2575 1291 2681 esse,
1340 2597 1473 2686 atque

181 2709 382 2796 omnino
420 2708 586 2812 talem,
624 2705 795 2822 qualern
819 2701 1107 2822 Virdnsgnr's
1131 2703 1321 2820 postulat
1345 2694 1472 2816 §.ab
1506 2815 1512 2820 ,

178 2841 278 2934 Νο.
311 2867 391 2925 11.
425 2837 539 2952 seqq.

307 3082 347 3188 5·
384 3117 463 3204 35.
499 3091 585 3184 lua
622 3093 797 3204 quidem
828 3089 884 3180 de
907 3091 1088 3182 secunda
1109 3079 1190 3184 hac
1214 3092 1470 3208 plantarunt

178 3223 436 3312 nostrarum
475 3223 732 3335 pertinacia.
803 3221 1008 3338 Superest
1024 3231 1191 3314 tertium
1207 3228 1328 3340 qnid,
1349 3229 1471 3346 quod

183 3357 336 3446 nescio
375 3381 429 3442 an
469 3351 797 3441 firnniarionem
834 3359 1125 3470 interpretari
1164 3355 1380 3464 debeam,
1414 3386 1470 3448 an

181 3489 344 3574 seriurn
380 3503 564 3570 naturae
600 3481 968 3596 phaenomenon.
1035 3483 1220 3574 Obtinui
1254 3487 1468 3595 tandem,

180 3641 237 3705 vt
276 3641 333 3704 ex
368 3613 574 3702 inferiori
608 3613 764 3702 radicis
800 3635 928 3724 parte
971 3611 1131 3704 sursum
1171 3623 1295 3704 teria
1328 3619 1475 3704 surcu-

178 3751 250 3838 lus
288 3737 515 3858 prodiret:
551 3743 621 3831 sed
658 3769 750 3841 nnn
787 3743 860 3831 niii
904 3743 1001 3858 post
1024 3771 1228 3860 magnum
1251 3745 1469 3835 tubercuii

176 3881 531 3966 incrementum.
601 3875 714 3992 Quid
737 3869 908 3962 dicam?
942 3879 1015 3966 An
1036 3873 1106 3962 hic
1127 3879 1169 3962 in
1190 3880 1467 3966 contrarium

181 4009 333 4096 succus
372 4005 450 4091 init
488 4003 755 4112 protrudent
783 4005 1027 4120 ‚iurrulnnn
1063 4007 1135 4093 abi
1170 4007 1300 4114 radix
1335 4006 1467 4097 debe·

143 4139 263 4228 ‹bat
304 4125 514 4246 prodire?
561 4133 652 4220 Vix
692 4135 893 4238 ridetur,
941 4137 1150 4251 qnoniam
1206 4157 1252 4224 et
1291 4135 1473 4224 inferius

180 4269 400 4380 prodiere
421 4261 575 4349 surculi
603 4265 776 4350 maiore
796 4269 940 4378 co'pia.
1010 4273 1081 4353 An
1104 4269 1186 4350 dici
1209 4267 1365 4372 debet,
1398 4289 1470 4355 tu-

173 4397 411 4484 berculum
449 4389 563 4507 qnasr
602 4389 795 4499 plantam
821 4396 1031 4483 exhibere
1063 4395 1309 4508 integram,
1350 4423 1486 4483 ecu-.

182 4529 252 4614 iun
287 4528 458 4616 summo
492 4519 678 4612 surculus
711 4522 905 4636 prodiit,
956 4550 1055 4610 curn
1101 4553 1158 4614 ex
1199 4529 1296 4626 iano
1341 4529 1469 4614 radix
1546 4545 1551 4555 '

760 4653 836 4742 Ee
877 4682 903 4744 a
1357 4683 1463 4777 pro·
