4459 6017
732 393 835 610 ..l
897 482 930 630 j
998 549 1011 566 .
1073 551 1079 560 .
1159 477 1341 580 arsur
1373 433 1631 578 acuur'or

682 731 791 816 ¹ita
829 703 930 816 eam
967 727 1214 841 persecutus
1251 724 1332 830 eil,
1368 694 1521 840 tessine
1543 719 1962 838 Megalopolitanus
1988 747 2040 816 et

731 858 924 970 Lysiadis
956 860 1198 962 subiunxit,
1239 857 1450 965 denique,
1490 858 1610 967 quod
1645 857 1861 942 omiserat
1906 883 1965 940 eo
1990 861 2037 942 in

527 1066 532 1072 .
620 1094 625 1100 Q
725 989 960 1093 sermone,
995 987 1254 1072 Aetolicum
1287 983 1450 1070 bellum
1489 987 1699 1094 attingit.
1758 983 1876 1072 Sane
1897 1009 1945 1068 et
1967 991 2036 1074 A·

726 1119 899 1224 ristippi
937 1118 1090 1199 caedes
1126 1135 1172 1200 et
1208 1112 1397 1223 Lyfiadis
1434 1137 1502 1198 res
1542 1139 1705 1198 omnes
1753 1117 1855 1222 post
1893 1115 2034 1202 isthuc

727 1245 887 1332 bellum
924 1244 1219 1329 collocandae
1256 1245 1373 1330 sunt:
1429 1268 1523 1326 non
1562 1244 1669 1328 item
1717 1241 1791 1326 illa
1833 1245 2031 1333 Nemea.

725 1375 844 1462 Nam
870 1376 930 1456 ›in
968 1373 1083 1458 hunc
1103 1374 1240 1484 ipsum
1266 1375 1457 1482 primum
1476 1369 1763 1482 Olympiadis
1781 1373 2027 1462 CXXXV.

725 1503 923 1587 incidere
960 1529 1052 1586 non
1088 1523 1326 1613 poterant,
1366 1505 1462 1612 quia
1484 1504 1698 1586 Aetolico
1728 1527 1823 1584 non
1846 1510 2027 1610 Argiuo

724 1628 847 1714 bello
886 1632 1168 1718 distinebatur
1207 1639 1387 1717 Aratus:
1426 1655 1565 1740 neque
1588 1631 1832 1716 intertium
1857 1659 2023 1718 aunum

727 1761 818 1845 eius
855 1761 1155 1872 Olympiadis,
1195 1762 1293 1870 post
1332 1761 1590 1846 Aetolicum
1626 1758 1785 1842 bellum
1807 1763 1863 1844 A.
1886 1763 1940 1844 V·
1966 1765 2024 1851 C.

726 1910 838 1994 517.
879 1881 1087 2000 qnoniam
1129 1890 1292 1976 duobus
1332 1887 1456 1974 annis
1492 1911 1594 1974 ante
1632 1907 1675 1972 et
1707 1892 1893 1999 amplius
1920 1894 2021 1984 An·

722 2021 907 2125 tigonus
942 2018 1142 2110 Gonutas
1180 2046 1261 2105 rex
1297 2021 1380 2100 iam
1424 2019 1620 2119 obierat,
1655 2043 1787 2128 quem
1810 2041 1900 2102 tum
1920 2045 2019 2106 ma·

713 2127 871 2253 aime,
906 2175 1003 2232 cum
1043 2175 1112 2232 eas
1150 2175 1216 2232 res
1253 2149 1304 2230 ad
1343 2144 1537 2232 Charete
1575 2144 1695 2254 gelltt
1730 2151 1905 2252 Aratus,
1942 2151 2014 2230 su.

725 2275 958 2384 perstitcm
1004 2258 1151 2378 inille,
1197 2271 1446 2360 Plutarchus
1493 2274 1702 2360 declarat.
1770 2273 2013 2362 Doduellus

726 2405 925 2486 rationes
947 2404 1234 2510 perturbauit.
1255 2406 1325 2512 (6)
1368 2405 1491 2488 Putat
1512 2405 1631 2488 enim
1653 2405 1832 2494 Aratum
1859 2403 2017 2518 Olym·
2064 2454 2068 2462 ·

725 2531 865 2642 piadis
901 2533 1199 2650 cxxxug
1235 2536 1429 2642 primum
1474 2529 1594 2616 soille
1643 2553 1935 2648 praetorem¹
1966 2560 2019 2622 ea

723 2665 940 2746 antemio
964 2681 1169 2772 praetura
1205 2661 1363 2744 bellum
1408 2655 1673 2747 Aetolicum
1716 2664 1802 2746 elle
1848 2662 2011 2770 gestum

723 2791 881 2873 censet.
949 2793 1047 2877 Hoc
1084 2795 1137 2876 de
1174 2790 1293 2876 bello
1329 2789 1542 2880 Aetolico
1573 2813 1789 2902 repugnat
1814 2794 2008 2877 omnibus

723 2916 978 3003 rationibus
1010 2919 1188 3026 nostris,
1243 2943 1344 3031 quas
1384 2938 1495 3030 puto
1533 2919 1631 3005 satis
1667 2919 1751 3006 else
1801 2919 2014 3005 firmatas.

722 3043 798 3132 De
833 3051 976 3154 prima
1014 3069 1217 3158 praetura
1264 3050 1394 3137 Arati
1441 3065 1575 3159 ,atque
1632 3049 1814 3134 secunda
1848 3050 2020 3134 multis

723 3176 812 3258 iam
850 3173 1228 3282 supradiximus,
1274 3201 1362 3286 quo
1399 3178 1444 3258 in
1490 3179 1598 3262 loco
1634 3178 1805 3288 Polybii
1841 3203 2017 3289 quoquc

725 3301 1054 3408 testimouium,
1094 3306 1212 3415 quod
1253 3304 1486 3391 offensioni
1523 3304 1602 3390 suit
1637 3304 1894 3412 Doduello,
1937 3333 2021 3394 ex·

726 3433 973 3540 pendimus.
1040 3437 1169 3524 Nunc
1215 3435 1315 3518 uide
1354 3437 1460 3537 alia,
1506 3459 1615 3548 quue
1659 3435 1892 3528 Doduello
1932 3439 2013 3520 ob·

724 3559 850 3645 stant.
919 3565 1082 3649 Aratus
1124 3562 1327 3673 persuafit
1380 3564 1515 3670 Agidi
1551 3566 2014 3654 Lacedaemoniorum

724 3690 844 3795 regi,
886 3710 936 3775 ut
972 3693 1183 3776 societate
1221 3717 1317 3776 cum
1346 3690 1538 3779 Achaeis
1574 3689 1719 3798 inita,'
1754 3694 1953 3780 Aetolos
1992 3721 2018 3781 a

620 3864 624 3872 x
726 3815 963 3925 Megaricis
1001 3819 1155 3906 linibus
1193 3818 1442 3932 depelleret.
1513 3821 1626 3909 Cum
1656 3823 1708 3908 nd
1739 3823 2017 3910 Corinthum

723 3949 1031 4034 conueniffeut
1063 3969 1111 4033 et
1149 3953 1258 4058 Agis
1286 3949 1479 4035 censeret
1503 3953 1780 4062 pugnandum
1804 3951 2020 4040 effecum

725 4079 926 4179 Aetolis,
960 4099 1194 4186 antequam
1216 4075 1563 4192 Peloponnesum
1584 4081 1871 4187 inuaderent,
1907 4089 2027 4170 Ara.

725 4221 796 4285 tus
832 4203 1022 4308 obstitit,
1062 4196 1132 4289 ἔτι
1168 4197 1316 4295 iiiluna
1361 4203 1508 4356 ipsius
1555 4197 1629 4308 rel
1673 4201 1835 4324 καρπὲς
1878 4205 2028 4328 χεδόν

729 4316 912 4435 ἅπανἹας
929 4329 1346 4454 συγκεκομισμένων
1380 4329 1465 4438 ἤδη
1502 4335 1582 4424 τῶν
1605 4331 1852 4454 γεωργῶν,
1897 4373 2029 4462 παρ.

992 4503 999 4514 ’
1886 4473 2029 4570 ελθέν
