4459 6017
810 559 909 649 402
1019 518 1026 528 ·
1220 513 1422 619 rasat-
1439 487 1699 616 scurror

815 788 944 858 antea
978 767 1141 856 bellum
1180 767 1366 879 denique
1401 760 1573 854 illatum
1611 763 1671 850 eil
1705 763 1898 885 QFabio
1922 769 2031 866 Mati.

814 923 895 986 mo
916 899 994 987 tv.
1037 899 1100 986 Μ.
1136 896 1328 985 Claudio
1359 893 1577 983 Marcello
1624 895 1826 1000 Coit-(t)
1858 902 1905 984 Α.
1926 901 1971 985 V.
1995 907 2030 996 C.

820 1056 933 1136 540.
969 1027 1190 1136 Philippus
1237 1025 1537 1134 Apolloniam·
1576 1043 1677 1106 cum
1720 1024 1840 1107 claile
1878 1027 2030 1136 adortus,

815 1157 986 1244 sublatis
1021 1156 1130 1272 velis
1162 1155 1301 1238 vertit
1338 1176 1396 1240 ex
1429 1151 1674 1263 improuiso
1695 1169 1739 1234 et
1757 1151 1919 1237 Oricum
1940 1163 2030 1270 cepit.

821 1284 886 1372 Μ.
919 1281 1118 1368 Valerius
1159 1301 1347 1391 praetor
1400 1282 1629 1370 Romanus
1674 1278 1727 1364 ad
1762 1279 1921 1364 Oricum
1948 1289 2030 1371 vetit

817 1436 917 1496 cum
957 1409 1082 1493 claise
1118 1409 1347 1513 instructa,
1385 1407 1541 1498 vrbem
1579 1405 1778 1520 recepit,
1824 1409 2030 1518 Apolloniae

816 1535 1019 1628 infestum
1057 1561 1212 1648 regem
1250 1561 1333 1649 pet
1370 1537 1425 1658 Q.
1463 1537 1684 1628 Naeuium
1734 1533 1964 1644 praesertum
1988 1541 2029 1624 l·

817 1667 936 1752 tium
977 1663 1220 1778 oppressit,
1261 1665 1365 1750 mde
1408 1665 1582 1750 clall'em
1618 1657 1713 1772 ipse
1733 1661 1920 1771 opposuit
1934 1668 2027 1780 regiis.

815 1795 937 1899 ,Cum
972 1793 1014 1880 se
1048 1797 1195 1879 terreri
1215 1794 1399 1880 sentiret
1428 1792 1681 1905 Philippus,
1714 1787 1968 1879 subduiiisttt
1987 1793 2025 1876 ir

818 1918 957 2008 eenfis
995 1922 1192 2028 nauibus,
1226 1921 1539 2014 Macedoniam
1560 1917 1757 2006 terrestri
1775 1919 1915 2002 itinere
1930 1923 2023 2032 petit,

726 2050 730 2056 ’
818 2073 1029 2161 maguam
1064 2071 1245 2161 partem
1282 2049 1446 2136 inermi
1479 2047 1682 2134 exercitu
1716 2064 1761 2132 et
1793 2043 2023 2158 spoliatullaa

816 2176 967 2293 paullo
989 2199 1091 2263 ente
1111 2177 1307 2265 hiemem
1326 2163 1474 2288 gestae
1498 2173 1634 2262 claffis
1663 2175 1860 2266 Romana
1890 2173 2020 2262 Otitili·

820 2301 1039 2389 bernauit.
1103 2307 1225 2392 Haec
1261 2305 1321 2392 est
1342 2301 1414 2390 illa
1442 2299 1637 2416 Philippi
1655 2303 1773 2412 regis
1791 2299 1921 2406 clallrs,
1945 2321 2020 2411 qum

633 2430 638 2441 ”
808 2429 1021 2519 'emiliam
1065 2429 1186 2517 firiffe
1232 2430 1444 2522 Romano
1480 2429 1601 2517 bello
1656 2428 1892 2518 Plutarchus
1920 2427 2019 2514 scribit.

820 2558 923 2648 Post
957 2557 1003 2643 id
1039 2581 1151 2646 uero
1185 2583 1255 2646 res
1289 2580 1449 2648 contra
1483 2555 1726 2648 Messenios
1761 2559 1887 2672 gestae
1908 2559 2021 2642 ethra·

820 2705 892 2774 tus
929 2684 1128 2774 offensus.
1195 2687 1339 2774 Porro
1384 2685 1520 2774 etiarn
1555 2685 1713 2784 ¹Liuius
1747 2692 1818 2796 (7)
1845 2683 1965 2796 Philippi
1985 2677 2015 2767 iu
2051 2701 2053 2706 ·

820 2812 1002 2927 Illyrios
1040 2813 1228 2919 bellum,
1269 2839 1359 2930 quo
1397 2813 1517 2902 bello
1550 2810 1688 2903 Liffus
1708 2815 1768 2902 eli
1788 2809 2013 2928 captairlrt·

823 2969 924 3031 rem
962 2947 1018 3030 A.
1039 2941 1095 3027 V.
1119 2944 1171 3032 C·
1196 2966 1307 3064 544·
1350 2941 1415 3034 Μ.
1439 2939 1658 3032 Marcello
1679 2941 1746 3034 Μ.
1764 2943 1928 3033 Laeuius
1949 2925 2022 3024 Col

807 3068 1052 3178 “explicat-.-
1074 3070 1077 3076 ’
1101 3070 1218 3158 Ferit.
1236 3074 1372 3184 igitur
1404 3074 1565 3162 Aratus
1583 3094 1765 3158 veneno
1788 3065 1939 3159 sublatri
1953 3065 2025 3146 inter

822 3196 879 3291 A·
900 3195 956 3280 V.
981 3194 1035 3285 C.
1052 3219 1164 3307 542.
1196 3218 1242 3285 et
1277 3204 1332 3290 A.
1363 3199 1418 3288 V.
1443 3201 1495 3292 C.
1513 3221 1622 3310 544.
1692 3199 1806 3306 lam,
1834 3189 2029 3300 sti'hilipptr

824 3327 886 3414 A.
911 3323 967 3408 V.
990 3323 1044 3413 C.
1072 3352 1184 3436 54¹·
1224 3325 1461 3416 Mellenios
1480 3327 1614 3432 senes,
1637 3327 1818 3441 populi,
1849 3323 1900 3412 sui
1916 3318 2029 3430 quidem

827 3453 958 3558 iuris,
990 3475 1084 3538 uon
1119 3456 1268 3542 alieno
1303 3475 1453 3544 tamen
1490 3457 1543 3544 ab
1563 3457 1757 3545 Achaeis
1774 3454 1901 3542 animo
1916 3445 2029 3554 (iliu¹

826 3578 961 3682 uasat,
1002 3607 1061 3667 eo
1094 3605 1213 3669 tuno
1252 3585 1445 3696 primum
1483 3581 1725 3674 simultates
1757 3583 2032 3687 interregemtl

827 3729 1034 3834 ueterem
1070 3711 1161 3798 eius
1196 3715 1382 3798 amicum
1406 3711 1795 3828 ,consiliorumque
1842 3703 2033 3826 participent

827 3838 1019 3925 Aratum
1053 3839 1148 3926 sunt
1183 3863 1332 3949 natue,
1370 3839 1428 3926 ob
1462 3867 1564 3954 quas
1598 3847 1745 3928 Arato
1778 3841 1923 3926 lentum
1947 3845 2037 3914 tett-

828 3987 936 4051 nutu
975 3963 1127 4076 paullo
1162 3971 1259 4080 post
1294 3997 1318 4058 a
1350 3971 1599 4075 Taurinae,
1635 3991 1684 4058 rt
1700 3968 1889 4082 Polybius
1904 3961 1967 4062 ait,
1986 3973 2036 4038 ex·

757 4180 759 4183 ,
830 4089 1048 4199 bibitum,
1085 4123 1143 4183 ert
1178 4123 1267 4209 quo
1308 4100 1527 4184 decimum
1562 4118 1609 4184 et
1651 4099 1870 4212 septimum
1907 4097 2036 4200 pttetut

666 4298 668 4301 ,
836 4218 1068 4306 exstinctus
1100 4223 1172 4308 eii.
1239 4225 1302 4312 Vt
1322 4225 1546 4338 Philippus
1573 4251 1655 4314 rex
1672 4221 1930 4340 Demetrium
1946 4211 2035 4298 illut

832 4345 997 4435 miserit
1033 4374 1131 4439 tum
1164 4351 1349 4467 aliquot·
1370 4357 1545 4454 nauibus
1579 4357 1625 4443 iu
1658 4345 2036 4468 Peloponnesum

2015 4475 2037 4540 u

1023 4639 1060 4652 ··
1155 4635 1343 4725 ψη.
1366 4643 1429 4722 42>
1450 4644 1471 4703 a.
1492 4641 1602 4710 aratra
1621 4657 1671 4724 ις.
