4459 6017
551 563 1015 667 rarrsrrarrfa.
1162 673 1166 682 ,
1257 559 1263 584 ’
1327 583 1430 688 ψ,

137 824 352 923 quemca
386 810 544 898 isthaec
584 813 646 901 est
690 817 934 921 sententia,
986 819 1031 898 in
1085 811 1259 900 aduersa
1308 819 1431 904 numi

138 942 272 1027 nostri
312 962 649 1054 ceterorumque
686 945 987 1033 Achaicorum
1018 942 1173 1029 Iouem
1203 945 1433 1054 Humagy.

137 1073 249 1157 rium
303 1061 526 1184 conspici,
578 1075 624 1156 in
669 1075 815 1159 auersa
860 1095 1039 1182 praeter
1090 1097 1429 1181 monogramma

133 1200 400 1302 Achaicum,
442 1203 529 1284 eius
577 1201 824 1309 symbolum
878 1201 950 1286 dci
997 1201 1185 1307 exstare,
1226 1205 1294 1284 cui
1342 1210 1428 1287 deo

133 1329 235 1411 urbs
270 1329 509 1439 quaelibet,
550 1331 594 1413 in
631 1357 712 1440 qua
749 1354 904 1414 numus
939 1331 999 1415 est
1035 1332 1175 1432 cusus,
1213 1329 1424 1438 peculiari

134 1457 357 1566 religione
395 1463 560 1546 deuota
597 1455 691 1544 suit.
760 1458 1000 1568 Aegienses
1049 1479 1196 1542 autem
1246 1483 1426 1567 praeter

133 1587 295 1671 louem
335 1589 509 1697 publice
546 1583 780 1674 coluerunt
813 1589 1075 1698 Neptunum
1106 1607 1151 1671 et
1174 1587 1427 1692 Herculem,

133 1713 243 1800 teste
280 1713 499 1803 Pausania:
538 1717 649 1801 aliae
679 1717 807 1802 urbes
844 1717 954 1802 deos
989 1718 1146 1800 deasue
1181 1715 1309 1798 alios.
1355 1715 1428 1800 Ita
1515 1727 1519 1735 “

134 1864 208 1924 aut
245 1845 491 1929 tridentem
532 1844 736 1955 Neptuni
779 1843 1001 1953 fignarunt
1036 1846 1082 1927 in
1127 1847 1298 1950 auersa,
1354 1863 1427 1927 aut

135 1966 301 2056 fulmen
334 1971 479 2078 Iouis,
519 1996 592 2057 aut
631 1971 858 2085 cytharam
899 1971 1150 2084 Apollinis,
1190 1993 1263 2056 aut
1293 1989 1427 2082 caput

133 2095 390 2202 Mineruae,
428 2122 500 2186 aut
538 2102 709 2186 clauam
726 2101 938 2185 Herculis.
1008 2099 1205 2189 Retineo
1229 2123 1327 2203 me,
1351 2121 1427 2206 ne,

133 2227 236 2309 dum
274 2249 322 2313 ut
359 2229 613 2315 satisfaciam
649 2227 906 2333 ledoribus,
931 2253 1125 2339 quaero,
1166 2250 1246 2338 pec
1269 2249 1427 2314 omnes

131 2353 354 2442 Achaicus
390 2381 549 2443 numos
587 2359 789 2468 vagando
824 2359 1011 2444 nimium
1043 2358 1097 2443 ab
1124 2356 1326 2444 instituto
1345 2359 1425 2444 de-

132 2480 323 2570 hedam.

248 2743 363 2862 Qras
384 2767 471 2854 ego
490 2766 604 2830 vero
627 2741 768 2828 dicam
790 2741 835 2825 in
856 2737 1003 2828 auersa
1035 2741 1208 2827 exstare
1229 2730 1424 2827 litteras!

127 2869 379 2965 Ludouicus
408 2874 613 2960 Nunnius
633 2897 731 2956 cum
752 2873 795 2954 in
818 2870 958 2954 numis
1002 2871 1205 2956 Achaicis
1242 2869 1419 2976 Goltii,

130 2996 1418 3109 Myrtilum,Callimaclaum,Pandiona,Thelamonem‚vi·

130 3128 462 3234 deret,nomina,
475 3131 614 3238 inquit
625 3183 637 3231 ‚
645 3119 859 3241 sartesant
869 3143 1108 3241 praetorum
1125 3139 1167 3211 et
1186 3129 1419 3239 damiurgo-

126 3278 236 3339 rum.
258 3263 329 3362 (6)
363 3257 838 3362 Aplcaonatuoc,
860 3277 911 3344 vt
931 3283 1017 3369 ego
1037 3258 1142 3367 lego
1163 3259 1209 3340 in
1228 3259 1316 3342 hoc
1339 3282 1416 3342 uu·

129 3409 232 3485 mo,
275 3387 334 3471 est
369 3412 537 3472 nomen
593 3387 864 3494 magistratus
914 3386 1157 3497 Aegiensrs.
1227 3387 1415 3472 Nomen

126 3513 174 3592 in
211 3514 521 3626 Peloponneso
560 3516 775 3627 frequens.
842 3515 1172 3602 Aristodemum
1206 3512 1415 3597 habemus
1525 3505 1535 3522 ‘

128 3665 187 3724 ex
220 3644 418 3730 Herculis
452 3645 663 3756 posteris,
722 3671 744 3727 a
782 3670 869 3753 quo
917 3645 1024 3728 duae
1069 3641 1218 3751 regiae
1253 3645 1414 3728 domus

126 3774 244 3878 apud
265 3770 528 3883 Spartanos:
567 3773 898 3861 Aristodemum
936 3773 1067 3858 alium
1089 3770 1413 3881 Spartanorum

129 3903 247 4008 regis
284 3904 598 4007 necessarium,
641 3925 844 3990 tutorem
900 3903 989 3984 cius
1042 3899 1189 3986 liberis
1247 3901 1412 3988 datum:

126 4030 459 4114 Aristodemum
498 4053 733 4138 tyrannum
772 4027 1074 4142 Megalopoli,
1123 4055 1212 4141 quo
1252 4029 1410 4139 expul·
1522 4119 1528 4134 ,

123 4156 199 4260 so,
243 4160 439 4242 concilio
485 4157 769 4244 Achaeorum
816 4161 1020 4270 adscripti
1063 4161 1156 4244 sunt
1205 4159 1412 4266 Megalo-

125 4286 344 4394 politani:
377 4285 732 4392 Aristodemum,
771 4290 841 4398 qui
878 4313 977 4370 cum
1014 4288 1267 4396 Callicrate,
1288 4293 1410 4396 Age·

127 4410 187 4495 sta
208 4438 252 4500 et
272 4413 480 4526 Philippo
515 4419 711 4524 legatus,
749 4416 801 4499 ab
837 4413 1026 4503 Achaeis
1057 4419 1103 4500 in
1132 4418 1265 4503 castra
1284 4419 1412 4503 venit

30 4523 44 4552 ⁹
129 4534 246 4626 Tora.
286 4537 341 4628 V.
725 4545 831 4631 Bbb
1356 4545 1411 4630 ad

212 4666 1409 4704 -—-·----------------·--........„

147 4669 318 4777 ‘sffe-
331 4711 380 4771 41.
475 4807 486 4816 ἢ
