4459 6017
797 568 895 660 ,μ
1197 522 1680 634 contentiones

793 781 960 868 summu
993 776 1040 863 in
1072 776 1249 866 Othino
1281 773 1466 862 collecta
1499 759 1807 860 sexcentorum
1840 775 2085 867 annorum}

794 910 876 1016 Et,
912 907 941 992 fi
976 909 1114 992 Troia
1156 903 1371 1017 captufit
1408 904 1462 990 Α.
1486 903 1585 988 Μ
1616 913 1760 1010 3530.
1797 921 1847 986 tt
1877 911 2080 1018 optimus

795 1040 971 1152 quisque
1007 1034 1412 1142 Chronologorum
1456 1028 1625 1136 censet,
1681 1033 1755 1113 illa
1796 1032 1966 1119 summa
2002 1041 2078 1122 td·

724 1250 728 1261 s
797 1161 935 1270 itur,
971 1163 1162 1250 Othinus
1196 1169 1254 1252 Α.
1274 1163 1315 1246 Ρ.
1337 1160 1374 1245 Ι.
1395 1185 1542 1267 4130.
1578 1183 1829 1246 rnnoruum
1848 1162 1979 1248 fuerit
1998 1169 2079 1248 tri-

798 1297 948 1405 ginta»
980 1294 1067 1375 hoc
1103 1311 1251 1377 nutem
1288 1287 1339 1372 ab
1377 1311 1436 1372 eo
1491 1284 1710 1394 Οῑίιίιιο,ἱ
1740 1289 1795 1372 de
1840 1316 1929 1400 quo
1968 1295 2080 1379 dixi·

798 1447 909 1525 mus,
931 1418 1214 1505 interuallum
1251 1417 1311 1501 est
1347 1439 1567 1500 annorum
1601 1417 2080 1528 ampliusquingento·

798 1575 910 1636 rum.
980 1547 1170 1636 Biornus
1203 1544 1344 1631 Ionae
1379 1541 1716 1649 Skardsneenfis‚
1751 1550 2080 1634 maximusinter

798 1675 979 1763 Islandns
1014 1675 1297 1789 antiquarius,
1353 1694 1402 1755 ut
1442 1672 1561 1754 eum
1592 1670 1833 1780 Stephanus
1874 1675 1979 1762 otri
2026 1678 2082 1761 ad

714 1817 716 1820 ’
802 1802 1072 1888 vaticinium
1107 1804 1251 1888 Voine
1287 1796 1509 1910 appellnt,
1553 1799 1599 1880 in
1643 1807 1979 1888 commentariis
2026 1805 2083 1888 nd

801 1931 1068 2038 Voluspnm‚
1107 1957 1163 2016 ex
1204 1927 1438 2015 Stemundi
1473 1925 1683 2011 Oddensts
1720 1933 1931 2016 annalibus
1968 1932 2086 2017 Odi·

805 2083 908 2145 num
949 2059 1132 2142 Priscum
1170 2055 1306 2141 refert
1341 2059 1395 2138 ad
1434 2077 1595 2138 aunum
1633 2056 1947 2168 aTroiactptn
1969 2071 2082 2166 667

803 2187 893 2278 hoc
935 2185 1013 2286 est,
1052 2189 1102 2266 nd
1138 2189 1189 2267 Α.
1217 2187 1259 2270 P.
1281 2185 1314 2268 1.
1338 2202 1486 2302 4197.
1555 2183 1667 2266 Eum
1707 2207 1753 2266 et
1791 2190 1986 2293 producit
2026 2211 2086 2272 er

803 2313 1092 2423 reprehendit
1113 2309 1399 2411 Tltormodus
1422 2307 1636 2394 Torsaeus
1667 2312 1918 2398 dofflffimus
1935 2339 2085 2423 teque

802 2440 1021 2544 lelandus,
1057 2461 1278 2548 tamquam
1316 2439 1491 2525 alicuius
1522 2433 1684 2523 lelandi
1718 2464 1973 2526 commenta
1995 2469 2083 2554 pro

807 2567 1044 2656 Stemundi
1083 2567 1326 2651 rationibus
1366 2567 1638 2675 sequentem:
1683 2565 1774 2676 ipse
1818 2595 1965 2654 nutem
2021 2575 2081 2655 itt

636 2685 639 2690 ¹
808 2699 966 2797 sentit,
1005 2697 1129 2780 utin
1169 2694 1337 2776 calculo
1375 2719 1620 2798 annorum,
1655 2698 1778 2780 annis
1813 2701 1859 2782 in
1896 2699 2081 2806 ungulus

808 2823 1109 2914 distribuendis
1144 2823 1341 2908 XXXV.
1375 2823 1429 2906 ad
1485 2826 1542 2907 Α.
1578 2823 1620 2905 Ρ.
1656 2823 1690 2906 Ι.
1747 2853 1897 2931 4230.
1955 2855 2078 2911 exce-

810 2953 899 3038 dat.
920 2957 990 3060 (3)
1056 2945 1128 3054 Si,
1167 2951 1330 3060 inquit,
1365 2943 1596 3033 coniciiurt's
1617 2947 1722 3033 iocur
1746 2947 1860 3064 effen,
1886 2948 2077 3066 suspicari

808 3080 969 3180 liceret,
1003 3101 1091 3162 cum
1125 3071 1312 3163 Thraces
1347 3071 1489 3161 Durio
1524 3071 1709 3189 Hystaspi
1737 3083 1851 3168 circu
1871 3079 1971 3164 haec
1990 3098 2083 3166 ten.

801 3223 912 3325 pura
934 3198 981 3318 se
1015 3205 1262 3310 dediderunt,
1299 3226 1580 3316 regenatorum
1615 3203 1666 3287 ab
1697 3201 1838 3294 Thore
1860 3202 2081 3295 Meumcnis

802 3333 891 3440 filio
928 3335 1132 3421 oriundum
1169 3345 1277 3417 metu
1300 3324 1516 3444 seruitutis
1558 3336 1598 3416 in
1641 3331 1953 3424 Scaudinatianr
1995 3363 2080 3422 con·

777 3451 956 3578 'ceffiffi
1027 3463 1271 3548 Enimuero
1307 3461 1378 3547 hic
1418 3485 1551 3543 annus
1586 3461 1739 3546 Toriri
1772 3464 1859 3550 iam
1899 3469 1941 3549 in
1966 3469 2082 3553 Xer·

813 3619 918 3678 xem
959 3615 1108 3699 regem
1145 3589 1372 3700 congruit,
1412 3613 1502 3672 non
1522 3589 1567 3671 in
1587 3586 1788 3676 Durium.
1858 3593 2080 3683 Genealo-

814 3721 932 3830 giam
970 3721 1082 3827 regis
1118 3717 1319 3802 Thracici
1355 3743 1378 3798 u
1411 3715 1567 3798 ‘thore
1604 3717 1861 3806 Memnonis
1883 3721 2083 3808 filionon

813 3849 939 3934 huius
973 3849 1170 3951 facimus,
1206 3869 1346 3956 neque
1381 3863 1788 3932 ceteramotnmur·
1855 3853 1974 3938 Num
1997 3879 2081 3964 my·

815 3975 1030 4088 thologus
1064 3971 1213 4084 uliquis
1257 3975 1489 4081 Norungus
1532 3971 1603 4055 hic
1634 3973 1826 4061 'ridetur
1857 3984 1906 4063 in
1945 3983 2080 4067 Hero·

816 4105 930 4190 doto
968 4105 1240 4192 Budinorum
1280 4101 1593 4210 migrationem
1631 4103 1691 4188 in‘
1720 4103 1905 4192 aiterum
1944 4111 2077 4216 Borr-

816 4230 973 4317 iiheuis
1008 4233 1151 4342 ripam
1187 4228 1444 4341 respexisse,
1483 4254 1611 4342 quum
1650 4231 1702 4317 nd
1737 4233 1790 4321 Α.
1812 4234 1856 4319 P.
1875 4235 1913 4322 1.
1943 4245 2078 4345 4168.

1984 4391 2085 4446 con-

813 4639 934 4708 pun.
