4459 6017
646 441 1058 598 tarvannam.
1399 527 1502 617 409

217 741 1501 852 CmmmmmsmNJmMMmmmmw

215 874 428 979 nologiae
465 869 730 954 confirmata
764 872 876 954 sunt.
942 869 1031 952 Illo
1054 894 1200 953 tutem
1241 897 1375 978 anno,
1414 897 1503 983 quo
1582 888 1584 891 ’

213 1006 352 1088 victus
387 1001 639 1109 fugatusque
670 998 732 1080 est
768 999 1065 1099 Cleomenes,
1102 999 1403 1083 Timoxenum
1440 1008 1504 1088 Α·

212 1132 455 1214 chaeorum
481 1151 735 1236 praetorem
757 1123 902 1228 soille,
927 1128 1131 1226 inuenio,
1166 1109 1212 1212 ut
1236 1129 1383 1238 paullo
1410 1131 1506 1235 post

214 1262 354 1364 dicatu
380 1259 579 1368 amplius.
646 1260 770 1342 Ante
802 1258 988 1340 Aratum
1011 1277 1269 1360 praetorem
1293 1261 1505 1342 duodeci·
1524 1239 1531 1312 ’Δ

211 1413 356 1490 mum,
393 1387 437 1469 in
496 1386 746 1494 magistratu
792 1381 872 1468 fuit
922 1382 1253 1469 Aristomachus
1301 1388 1503 1496 Argiuus

215 1520 317 1604 Hoc
359 1514 489 1623 plane
525 1513 778 1623 intelligere
817 1511 926 1595 mihi
961 1512 1049 1596 sum
1071 1512 1177 1597 uisus
1196 1538 1222 1594 e
1252 1513 1505 1600 Plutarcho.

210 1655 283 1752 (4)
321 1646 436 1732 Nam
489 1645 526 1725 is
564 1665 737 1749 narrat,
779 1638 1137 1726 Aristomachum
1182 1644 1395 1754 Argiuum
1434 1666 1505 1754 ty·
1562 1673 1564 1678 ·

212 1798 427 1873 nannum,
466 1797 565 1853 cum
603 1776 767 1856 Aratus
811 1793 911 1853 eum
947 1771 1003 1853 ad
1042 1770 1303 1855 societatem
1342 1771 1504 1860 Achai·

77 1981 94 1990 -
192 1927 312 2004 *cam
356 1893 632 2009 pellexisset,
682 1900 756 2011 spe
802 1921 1035 2007 praeturae
1079 1899 1336 2010 propohta‚
1395 1926 1505 2010 quae

213 2028 457 2141 gloriostor
513 2028 644 2134 effet,
706 2051 838 2136 quam
892 2029 1114 2138 tyrannis,
1171 2053 1320 2126 autem
1376 2054 1504 2138 prae·

212 2158 343 2243 baille
364 2157 645 2259 conditioni,
682 2155 922 2264 Lyfiadem-
946 2177 1124 2260 autem,
1162 2164 1350 2266 quitum
1373 2185 1501 2267 prae·

212 2308 290 2372 tor
327 2309 448 2387 erat,
489 2305 536 2365 ut
574 2286 692 2366 suum
730 2283 864 2365 isthuc
903 2288 1114 2368 meritum
1151 2283 1283 2388 ess'ec,
1331 2287 1502 2372 Aristo·

209 2412 418 2516 ,enachum
456 2411 531 2495 fibi
561 2408 826 2492 concilialse.
897 2405 1012 2494 Cum
1051 2411 1106 2492 de
1127 2393 1290 2496 summa
1311 2415 1378 2495 rei
1399 2441 1502 2526 age·

210 2561 334 2628 retur
363 2544 409 2624 in
445 2538 672 2643 concilio,
704 2540 866 2624 Aratus
897 2535 1252 2654 Aristomachum
1291 2546 1500 2650 perculit,

209 2697 327 2759 mox
363 2669 570 2782 permisitr
596 2659 765 2754 tamen
785 2666 1021 2776 auclorque
1059 2669 1172 2752 adeo
1196 2666 1301 2771 fuit,
1340 2689 1505 2756 utnon

213 2801 357 2886 modo
403 2803 705 2909 reciperetur,
758 2796 1022 2900 huetium,
1066 2815 1116 2882 ut
1154 2818 1406 2908 praeturam
1457 2801 1504 2886 in

213 2923 1116 3039 mmmmammrfflmmm
1208 2927 1502 3013 mmmm

210 3057 393 3145 Achaei.
459 3055 524 3141 Ea
581 3050 627 3139 in
677 3072 880 3165 praetura
943 3053 1304 3162 Aristomachus,
1356 3057 1501 3142 inuito

209 3191 384 3287 Arato,
424 3210 521 3268 cum
562 3184 812 3274 Cleomene
850 3204 1044 3292 tyranno
1064 3185 1424 3270 Lacedaemonio
1447 3186 1498 3270 sr-

213 3315 420 3402 mulrates
457 3313 588 3420 aluit,
627 3337 736 3424 quae
770 3335 960 3422 erupere
991 3317 1037 3396 in
1073 3311 1326 3396 tumultum.
1381 3315 1500 3404 Cum

211 3447 265 3530 ad
317 3445 564 3558 Pallantion
610 3442 882 3532 Cleomenes
916 3440 957 3523 se
996 3441 1183 3546 obtulit,
1232 3443 1390 3528 Aratus
1425 3469 1499 3526 nu·

214 3596 307 3657 tem
342 3562 700 3663 Arillomachum
736 3570 992 3672 absterruit,
1031 3593 1086 3654 ne
1108 3570 1224 3680 srgna
1246 3569 1499 3678 conferret,

209 3727 260 3802 ea
300 3704 517 3794 calumnia
553 3700 753 3813 Lyhades
795 3681 1104 3784 duodecimam
1145 3719 1397 3811 praeturam
1422 3729 1501 3810 pe·

213 3828 1502 3938 mmimmostemmhmmpmthmssmmm

215 3962 321 4067 egit.
386 3969 591 4066 Apparet
625 3982 772 4043 autern
824 3983 848 4041 e
883 3954 1098 4044 Plutarchi
1136 3957 1386 4046 Cleomene
1404 3962 1503 4065 ’(ς)

213 4091 376 4191 etiam,
414 4092 602 4172 Aratum
640 4087 788 4199 paullo
826 4107 928 4173 ante
973 4085 1331 4174 Aristomachum
1372 4111 1501 4194 prae-

214 4235 357 4299 turam
387 4213 568 4328 ‘gelhlle
635 4217 753 4300 Nam
809 4219 929 4323 cepit
985 4216 1190 4328 Capbyas
1223 4218 1404 4302 Aratus:
1450 4242 1502 4302 ea

214 4343 446 4427 occasione
483 4343 753 4432 Cleomenes
789 4367 888 4426 cum
926 4347 1069 4453 copiis
1106 4345 1274 4449 mouit,
1316 4346 1500 4454 oppost-

165 4467 424 4558 tumst
725 4457 729 4463 ’
812 4469 930 4580 Qg
1351 4495 1500 4582 mm

951 4587 1496 4613 w

138 4619 145 4630 ’
223 4607 354 4702 ’”(4>
373 4641 402 4702 r·
425 4602 494 4688 ⁸6⁶·
518 4639 608 4702 ³04³·
632 4634 720 4700 1047·
761 4619 819 4702 (s)
840 4639 869 4700 r·
893 4618 962 4683 ⁸0⁶·
