4459 6017
538 533 1042 678 -nrtstactrrr,⁴
1167 542 1438 666 .·1„

168 787 295 882 tione
315 787 370 880 ad
389 789 590 880 aunuum
612 789 834 902 originem
855 784 1198 902 inuestigandum
1226 791 1444 902 instituta,
1480 825 1486 836 ·

170 923 318 1014 duone
356 947 382 1007 e
416 917 620 1033 glandula
659 921 769 1006 oriri
807 919 941 1028 visus,
976 945 1082 1006 uera
1110 942 1156 1004 et
1186 921 1372 1034 simplex
1391 925 1443 1010 fit

166 1053 360 1142 arteriae
396 1073 583 1160 magnae
621 1074 825 1162 propago
855 1046 1107 1156 exilill‘tma‚
1147 1051 1218 1135 sab
1237 1054 1443 1162 glandula

163 1181 375 1272 incedens
410 1181 538 1292 eique
573 1175 742 1262 firmiult
769 1176 1071 1292 agglutinata,
1104 1179 1180 1264 secl
1215 1181 1322 1267 falso
1356 1207 1442 1295 pro

166 1311 297 1398 duciu
337 1299 554 1420 Valsctluae
593 1307 726 1390 initio
763 1306 925 1394 habita.
994 1335 1036 1390 a.
1060 1304 1447 1400 SieiusArteriae

165 1464 190 1526 a
227 1430 290 1528 ct.
329 1433 438 1527 Viro
473 1433 590 1522 nulla
626 1435 882 1526 dillinstaet
916 1435 1112 1546 specialis
1142 1441 1317 1525 mentio
1338 1439 1451 1540 facta,

160 1568 248 1674 fit,
282 1591 448 1654 vereor
485 1589 542 1650 ne
587 1563 670 1648 Vir
710 1569 999 1678 caeteroquin
1046 1561 1354 1654 oculatillimus
1399 1587 1447 1655 et

162 1695 489 1797 solertiffimus,
529 1689 635 1777 falsa·
662 1693 857 1815 imagine
877 1663 1117 1808 deccptus,
1154 1695 1202 1781 in
1229 1721 1328 1783 eam
1347 1695 1443 1784 sert·

160 1825 358 1916 tentiam
390 1823 623 1939 perductus
657 1817 808 1908 fuerit.

288 2076 328 2180 i.
365 2119 411 2199 3·
447 2085 696 2180 Glandulae
740 2085 934 2179 Renalea
977 2085 1051 2175 seu
1094 2104 1200 2174 ante
1242 2087 1314 2175 seu
1347 2090 1498 2202 polit.

159 2239 345 2330 partum
382 2217 639 2328 diligentius
672 2215 999 2326 consideratae,
1036 2241 1060 2301 e
1096 2218 1323 2329 laeuigato
1350 2217 1443 2304 lub-
1573 2205 1580 2269 ³·

159 2347 381 2460 luteoque
418 2349 589 2444 cortice
623 2348 701 2433 seu*
727 2345 981 2450 substantia,
1021 2345 1283 2455 singularem
1305 2350 1448 2461 adipis

157 2479 363 2587 speciem
401 2477 649 2564 mentiente
667 2475 893 2598 conflatae
912 2475 1032 2579 sunt,
1062 2475 1218 2586 lubqne
1239 2479 1446 2587 praefato

91 2636 101 2664 t
156 2609 337 2692 cortice
358 2631 426 2700 am
433 2606 507 2718 pla
525 2608 689 2694 cauitaa
709 2607 993 2710 continetur,
1024 2625 1106 2715 qua
1127 2603 1326 2693 humoris
1346 2606 1443 2693 ilui-

158 2734 208 2821 oi
235 2755 282 2822 et
304 2735 515 2848 sanguinis
532 2726 880 2847 aemuliObfiIV.
903 2730 1151 2820 notabilem
1172 2735 1352 2844 copiam
1373 2738 1443 2821 in·

157 2863 315 2970 cludi,
354 2863 557 2978 frequens
592 2861 843 2949 obseruatio
881 2861 964 2950 ell:
999 2863 1146 2983 Qrare
1166 2883 1341 2951 mutato
1362 2889 1446 2950 no·

153 2998 308 3098 mine,
331 2989 458 3080 Sinus
487 2993 559 3080 seu
595 2990 789 3100 capsulae
826 2989 983 3079 tostius
1016 2993 1314 3102 appellantur,
1355 3018 1448 3079 non
1622 3006 1627 3014 '

155 3141 262 3208 tam
299 3139 491 3232 propter
526 3117 768 3230 praefatam
808 3119 1192 3207 excaeationema
1216 3121 1449 3250 glandulae

155 3250 364 3337 notione
385 3246 703 3353 alieniffimam,
726 3247 1090 3362 setlpotill'tmnm
1113 3250 1172 3336 ob
1192 3255 1451 3340 earumdem

154 3399 394 3476 texturam
432 3399 477 3465 et
509 3375 810 3482 substantiam,
848 3388 958 3492 quae
1003 3402 1061 3466 ex
1106 3377 1310 3491 fingulati
1354 3405 1447 3466 mo·
1627 3470 1632 3476 .
1798 3491 1804 3502 .

86 3585 91 3594 .
155 3509 284 3600 teria
320 3507 519 3624 adipol'a,
555 3527 770 3596 concreta
806 3507 1159 3595 ctconfotmata
1193 3508 1282 3595 uisa
1309 3507 1387 3596 eli.

290 3759 329 3860 i.
351 3802 398 3882 4,
437 3757 568 3864 Nunc
586 3769 640 3856 acl
660 3765 948 3884 capsulamm
977 3772 1122 3877 mum,
1144 3789 1356 3885 quantum
1383 3771 1452 3858 rei

158 3895 413 3988 obscuritas
447 3904 614 4014 patitur
634 3957 647 4006 ‚
695 3900 1044 4012 inuestigandum
1073 3924 1166 4006 ‘me
1213 3898 1453 3986 transfero,

89 4035 105 4053 ⁸
153 4036 238 4120 Ac
280 4031 431 4140 ptimo
463 4033 728 4118 sententiam
747 4027 980 4122 C'latillrmi
1002 4029 1101 4115 Viti
1119 4028 1288 4117 aimonii
1314 4019 1450 4116 Mou-

152 4157 312 4264 καὶ,
368 4155 478 4242 milti
520 4157 760 4269 plurimum
812 4158 1016 4272 placuili'e
1093 4155 1262 4246 fateor:
1330 4159 1451 4251 Nam

155 4313 241 4376 tes
298 4306 463 4377 notatu
513 4287 753 4398 digniffima
810 4289 906 4394 est,
960 4315 1053 4402 quo
1097 4311 1310 4400 tempore
1362 4289 1451 4377 Or·

156 4441 286 4528 gana
305 4418 458 4512 urinae
476 4417 715 4502 secretiori
737 4419 877 4504 dicata
898 4417 1043 4531 sopita
1065 4417 1227 4523 iacent,
1250 4418 1297 4503 in
1326 4407 1454 4504 foetu

154 4546 410 4656 videlicet,
446 4549 644 4665 capsulae
678 4545 876 4642 tutnidac
910 4565 958 4640 et
1004 4548 1212 4661 unguine
1255 4547 1456 4635 imbutae

1339 4698 1455 4764 coo·
