4459 6017
626 533 627 536 Ὗ
778 565 878 648 ,ιο
1071 545 1165 644 on
1196 534 1461 661 sasinus
1494 541 1870 665 ammaus

782 794 960 907 plantae
995 789 1054 874 ita
1089 788 1434 892 comburantur,
1473 805 1522 871 ut
1561 787 1606 870 in
1640 784 1907 870 luculentam
1937 786 2066 872 llam·

779 947 904 1010 auam
942 944 1035 1004 noo
1069 927 1336 1027 erumpant,
1381 915 1453 1000 sed
1483 914 1667 1024 gliscunt
1712 936 1902 1002 tantum.
1965 919 2065 1004 Hoc

779 1050 952 1140 tamdiu
985 1048 1361 1150 continuandum,
1401 1069 1536 1156 usque
1576 1046 1676 1141 dum
1715 1046 1758 1131 in
1793 1046 1966 1128 cineres
2006 1043 2066 1128 fa·

781 1179 969 1280 niscant,
1008 1203 1091 1262 nec
1136 1177 1371 1260 calcinatio
1416 1173 1600 1258 ulterius
1646 1172 1973 1282 protrahenda,
2014 1198 2065 1260 ne

780 1307 1001 1427 perditio.
1021 1309 1214 1415 partium
1248 1302 1499 1391 volatilium
1529 1301 1966 1414 ueliulphurearum
2002 1305 2063 1386 ni·

751 1431 873 1524 'suia
907 1435 1004 1520 fiat.

903 1555 940 1654 i.
977 1587 1026 1670 7.
1067 1559 1183 1650 Salia
1221 1585 1280 1648 ex
1315 1559 1531 1644 cineribus
1564 1584 1662 1645 cum
1703 1559 1857 1669 frigida
1896 1549 2068 1648 extrahi

782 1693 975 1796 debent,
1021 1713 1071 1775 ut
1109 1691 1204 1776 ueri
1248 1685 1340 1774 salis
1378 1688 1567 1808 formam
1605 1689 1799 1773 induant.
1870 1691 2066 1802 Cumque

785 1845 920 1933 aquae
958 1820 1193 1921 fontanae,
1232 1815 1452 1921 fluuialss,
1492 1816 1714 1928 puteales,
1754 1817 2063 1929 pluuiaies&c.

783 1949 1033 2061 speciesque
1069 1949 1194 2033 unios
1230 1948 1404 2056 generis
1431 1947 1620 2035 mulsum
1640 1948 1759 2029 inter
1778 1945 1821 2030 se
1841 1946 2067 2055 differant3

783 2100 836 2164 vt
873 2106 931 2166 ex
967 2077 1281 2164 tentaminibns
1317 2076 1446 2160 iustae
1488 2075 1587 2162 fieri
1626 2072 1788 2184 posslnt
1822 2076 2065 2162 conclufio·

785 2233 893 2311 nes,
963 2232 1061 2290 cum
1101 2225 1210 2314 aqua
1244 2201 1477 2314 aliquoties
1514 2203 1723 2292 destillata
1756 2203 1959 2296 lixluinm
1990 2231 2065 2292 ex·

784 2335 1048 2421 trahendum
1089 2331 1174 2435 est,
1215 2333 1343 2441 idque
1375 2333 1419 2416 in
1470 2335 1569 2420 uase
1607 2335 1758 2426 uitreo
1796 2338 1869 2425 uel
1914 2355 2062 2420 terreo

783 2487 881 2555 uon
919 2461 1174 2576 plumbato,
1217 2485 1271 2546 ne
1307 2458 1393 2550 ulla
1427 2463 1635 2578 inspic-io.
1661 2461 1870 2572 superfit)
1910 2463 2064 2576 aliquid

783 2591 1072 2700 heterogenii
1126 2587 1200 2674 sali
1238 2589 1467 2674 admistum
1507 2590 1640 2682 fuisse.
1671 2590 1751 2683 ,Si
1781 2590 2064 2679 omnibushis

788 2721 1028 2808 obseruatis
1064 2716 1244 2804 cautelis
1283 2716 1430 2806 iixiuia
1468 2718 1871 2827 plantaruuuioter
1910 2720 1954 2805 se
1989 2721 2061 2808 dif-
2184 2822 2185 2835 Ν

783 2848 959 2959 serunt,
991 2869 1164 2938 certum
1200 2849 1289 2954 est,
1332 2847 1432 2934 salia
1459 2870 1616 2944 nurum
1637 2847 1727 2936 fixa
1755 2848 1949 2942 differre.

809 3205 813 3214 ,
905 3097 943 3196 5.
983 3110 1028 3190 8.
1064 3103 1308 3217 Aulpioato
1337 3047 1506 3202 incidit·
1529 3058 1579 3200 ia
1619 3133 1770 3196 manus
1805 3132 1923 3196 meas
1960 3045 2062 3200 Dia·

784 3234 899 3324 rium
935 3235 1136 3323 laborum
1174 3235 1532 3346 Chymicotuan,·
1558 3242 1691 3349 Regis
1721 3239 1898 3328 Sueciae
1928 3241 2064 3351 auspi·

786 3366 864 3450 ciis
901 3364 1234 3474 institutorum,
1272 3369 1651 3481 manuscriptum,
1676 3369 1766 3454 ubi.
1790 3391 1948 3454 omnes
1986 3369 2064 3454 hae

784 3493 982 3582 cautelae
1020 3495 1063 3578 in
1086 3493 1927 3606 diuerfisplautisobieunatae·fuerunt.
1969 3498 2065 3584 Sin·
2152 3552 2155 3561 ι

784 3627 913 3734 gulae
952 3626 1152 3733 plantae,
1188 3625 1795 3742 unaquaequeinsuoeatioo
1827 3630 2063 3739 interprn·
2185 3688 2186 3735 ᾗ

785 3778 859 3838 ons
881 3755 1132 3838 candentes
1172 3753 1350 3860 polito,
1388 3757 1507 3847 lente
1543 3777 1587 3842 et
1618 3781 1679 3850 ,eo
1717 3781 1850 3866 usque
1885 3759 2063 3840 combo.
2185 3748 2186 3813 i

783 3881 869 3967 stae
909 3881 1026 3986 sont,
1067 3884 1212 3966 donec
1245 3885 1288 3970 in
1328 3890 1500 3970 cineres
1526 3887 1711 3994 dilapsae
1731 3886 1907 3990 fuerint,
1950 3887 2063 3972 nulio

786 4009 1025 4096 carbonum
1060 4013 1216 4096 relicto
1251 4013 1451 4125 uestigio.
1519 4015 1749 4104 Ciueribns
1770 4015 1917 4123 postea
1941 4018 1984 4100 in
2007 4021 2062 4102 vi·

787 4157 863 4224 tro
902 4165 1016 4248 puro
1051 4138 1210 4226 locatis
1245 4168 1351 4252 aqua
1405 4143 1592 4254 simplex
1647 4143 1859 4229 destillata
1913 4145 2060 4247 affiusn,

784 4266 1008 4379 haecque,·
1041 4269 1113 4354 vbi
1136 4268 1308 4381 aliquod
1331 4289 1505 4382 tempus
1527 4273 1651 4382 super
1673 4297 1750 4356 eos
1777 4275 1925 4368 relidas
1949 4297 2062 4378 erat,

787 4397 1236 4511 diuersanliquoribus
1259 4405 1481 4512 permixta
1503 4401 1594 4486 fuit.
1663 4402 1925 4493 Taediosom
1952 4405 2066 4508 esset,

786 4529 963 4614 diuersa.
991 4514 1327 4640 phaenomena,
1366 4557 1473 4645 qnae
1513 4553 1779 4637 euenerunt,
1816 4536 1973 4644 prouti
2003 4562 2065 4618 re·

1979 4662 2067 4747 lata
