4459 6017
852 539 960 668 ³9⁸⁴
1255 539 1443 641 Fam
1471 539 1738 646 ACHAICL

864 812 935 878 tur
970 789 1107 876 dixiff
1121 821 1131 878 a
1165 783 1272 876 τέτο
1308 786 1481 904 pellitque
1510 775 1644 903 unipo'r
1671 777 1788 876 mole
1820 783 1892 878 trit
1919 791 2045 896 Zu'tolte

852 909 1002 1036 ἤρεσκε
1037 913 1299 1035 δογμάτων.
1338 915 1404 1003 νῦν
1435 909 1482 1002 δὲ
1528 911 1837 1036 μεἿαξάλλομη
1875 916 2045 1024 vehendis

851 1045 931 1138 del
953 1043 1223 1136 tia'Zuruurle
1258 1043 1406 1148 acutula,
1448 1072 1495 1131 vt
1530 1050 1589 1132 est
1626 1054 1735 1156 apud
1772 1048 2045 1154 Plutarchumll‘)

857 1177 904 1265 Si
941 1199 1221 1261 numeremus
1257 1177 1310 1257 ab
1349 1175 1450 1281 illu,
1486 1203 1616 1286 quem
1654 1180 1773 1286 supra
1813 1177 1913 1278 dixi,
1953 1203 2040 1277 anuo,

859 1309 966 1391 octo
1000 1306 1114 1388 alios
1145 1327 1317 1403 annos,
1361 1325 1546 1410 praetor
1570 1308 1740 1388 iterum
1775 1295 1912 1390 Aratus
1939 1303 2040 1388 luitO·

856 1433 1094 1542 lympiadis
1134 1429 1391 1518 CXXXIV.
1414 1434 1456 1550 ὲ
1524 1433 1671 1518 Aliam
1715 1454 1856 1517 neotum
1899 1433 2041 1538 temporit

854 1562 1058 1672 Polybius
1096 1561 1297 1645 subiecit:
1337 1559 1606 1649 Corinthum
1645 1582 1813 1669 captam
1850 1555 1918 1640 elle
1951 1558 1985 1639 ab
2010 1563 2042 1642 A·

855 1689 1020 1792 ehaeis,
1055 1715 1174 1772 anno
1207 1713 1297 1770 uuo
1320 1712 1551 1800 antequam
1574 1685 2039 1798 Carthaginiensesnagoo

856 1817 977 1903 bello
1011 1819 1111 1901 uicti
1144 1843 1168 1899 a
1204 1807 1445 1920 Romanis,
1492 1819 1607 1926 pacis
1641 1819 1900 1902 conditiones
1930 1834 2041 1918 accept

856 1968 973 2030 runt.
1044 1947 1228 2032 Cladem
1269 1943 1374 2028 dicit
1409 1945 1828 2053 Carthaginiensium
1860 1941 1903 2025 ad
1921 1943 2038 2046 Aegates

859 2074 1012 2158 insulas
1046 2099 1070 2154 a
1105 2077 1159 2161 C.
1196 2075 1376 2190 Lutatio
1412 2077 1517 2162 Cos.
1559 2095 1800 2184 acceptam.
1858 2073 1940 2156 Ean
1970 2088 2036 2146 atra·

860 2225 985 2314 ptam
1025 2201 1109 2283 elle
1145 2205 1199 2284 A.
1222 2203 1276 2283 V.
1303 2201 1356 2286 C.
1382 2227 1492 2304 512.
1528 2201 1804 2314 Olympiadis
1822 2193 2034 2288 CXXXllu.

860 2351 1079 2430 exeunte,
1118 2329 1216 2410 satis
1250 2327 1433 2412 constat.
1501 2331 1717 2418 Nondum
1751 2330 1859 2414 enim
1889 2321 2035 2408 adultere·

862 2457 971 2540 llate
1008 2453 1289 2538 commillum
1330 2460 1481 2539 nauale
1503 2457 1562 2538 ell
1586 2457 1816 2566 praelium:
1849 2440 2037 2560 itaqueprul·

854 2578 908 2666 lo
946 2605 1046 2664 ante
1083 2585 1265 2664 tertium
1304 2585 1446 2666 eiusce
1480 2585 1760 2694 Olympiadis
1804 2604 1935 2666 annon.
1977 2569 2036 2655 Fuit

861 2713 996 2820 igitur
1035 2717 1194 2795 Aratus
1230 2735 1413 2816 praetor
1449 2716 1607 2794 iterum
1646 2741 1668 2794 n
1709 2713 1825 2800 Maio
1860 2695 2033 2804 meolt‚qt1'

863 2839 1081 2924 incidebat
1120 2839 1164 2918 in
1208 2839 1486 2948 Olympiadis
1533 2841 1789 2929 CXXXIV.
1830 2840 2031 2948 primtnao·

861 2993 992 3069 num,
1033 2971 1239 3076 usquead
1265 2967 1454 3068 Maium,
1493 2972 1563 3080 qui
1589 2968 1856 3079 Olympiadis
1871 2947 2036 3050 cxxxll.

862 3121 904 3180 α.
943 3120 1060 3176 anno
1098 3095 1318 3200 agebatur.
1388 3096 1503 3183 Nam
1550 3123 1619 3182 res
1667 3103 1820 3182 Aratus
1861 3095 1904 3177 ad
1940 3079 2037 3171 Corio·

796 3247 803 3252 ·
860 3223 987 3307 thum
1028 3218 1149 3331 gelht
1186 3219 1516 3349 τῇπερῒὲἕρος
1546 3219 1738 3341 ἀκμάζον
1754 3213 1850 3338 alpe,
1871 3209 2042 3328 plenilunio:

859 3355 932 3460 (9)
968 3349 1056 3434 hoc
1093 3349 1181 3454 est,
1219 3355 1364 3435 adulta
1406 3355 1590 3456 aestate,
1641 3381 1749 3464 quae
1791 3349 1878 3434 eam
1914 3339 2040 3424 relicto

861 3477 1112 3579 antecellit,
1168 3505 1250 3590 qua
1292 3480 1662 3590 Carthaginiensis
1718 3477 1841 3565 clallrs
1888 3471 1935 3555 ell
1970 3461 2042 3544 aida

856 3611 931 3698 Ex
967 3635 1052 3718 quo
1084 3607 1333 3696 Doduellus
1358 3615 1464 3714 (10)
1498 3632 1803 3721 argumentum
1837 3587 2042 3696 dummodo

753 3735 765 3751 ’
864 3761 917 3820 ea
955 3737 1335 3822 Acrocorinthum
1375 3739 1457 3822 ess'e
1501 3763 1787 3847 occupatam,
1824 3755 1929 3842 quam
1958 3723 2042 3806 llett·

862 3865 1109 3976 geitnionis
1140 3866 1265 3953 XVI.
1304 3865 1370 3949 seu
1408 3867 1587 3954 Sextilis
1622 3859 1897 3954 lutrani'xll.
1928 3854 2044 3934 dieser·

860 3997 999 4105 cepit.
1070 3997 1301 4083 Accellere
1336 4000 1399 4078 rei
1435 3997 1575 4105 gestae
1624 3992 1904 4108 magnitudine
1935 3961 2046 4090 pertuli

858 4125 914 4208 ad
948 4147 1110 4235 corpus
1143 4125 1384 4211 Achaicum
1406 4127 1647 4238 Epidauro,
1668 4117 1906 4220 Troezenii,
1933 4103 2046 4337 qnighi

852 4417 2049 4461 W

952 4549 1013 4629 (⁸)
1034 4567 1057 4629 P
1085 4565 1174 4627 ιο37·
1192 4549 1262 4612 tdde
1281 4547 1458 4612 Athenaeum
1472 4569 1499 4628 p.
1522 4549 1589 4612 roa.
1606 4547 1777 4630 Polyaenum
1788 4544 1818 4602 in
1835 4524 1999 4628 §mennatis
2010 4509 2053 4574 [γι

874 4643 926 4715 ²4·
946 4631 1147 4714 mmm?
1168 4651 1238 4716 ¹20·
1278 4631 1337 4717 (9)
1358 4633 1519 4698 Plutarchus
1538 4653 1566 4716 p.
1581 4635 1669 4714 1036.
1707 4629 1786 4712 (aa)
1805 4617 2011 4700 nqrupuet·
