4459 6017
189 577 874 692 auurraunuaasnau
907 589 1471 740 susurrandum

190 829 340 914 lorum
362 825 408 911 in
425 827 598 914 calculo
619 827 783 913 nullam
801 825 1030 913 habuimus
1045 827 1475 926 considerationem

187 959 314 1044 Licet
344 981 490 1042 autem
513 958 774 1040 obstaculum
801 984 822 1039 a
859 941 1171 1070 rigiditat-e'lili
1189 964 1365 1075 eiusque
1384 971 1473 1056 im·

188 1077 313 1196 pulsu
349 1111 505 1172 contra
537 1089 680 1172 latera
713 1085 962 1188 foraminis,
1002 1117 1084 1197 per
1117 1096 1239 1200 quod
1278 1094 1340 1182 fili
1360 1099 1476 1202 sum.

184 1220 320 1303 micas
352 1219 537 1317 transit,
577 1218 744 1341 resetre
783 1219 834 1298 ad
872 1215 1045 1348 classem
1074 1217 1343 1308 reuocatae
1358 1226 1473 1316 allius

182 1369 316 1456 quam
345 1338 527 1428 lecimus
564 1350 803 1428 momentis
841 1369 1119 1454 temporum
1126 1354 1473 1458 proportiona-

183 1473 300 1577 lem,
339 1477 442 1559 dum
479 1467 764 1558 resistentiam
801 1477 912 1556 a'e'ris
947 1479 1109 1558 contra
1132 1477 1270 1560 filum
1301 1485 1475 1590 putabi-

181 1615 281 1687 mus
318 1602 397 1712 ipsi
427 1605 569 1710 globo
590 1595 886 1709 superuenire.
949 1605 1114 1720 Quibus
1133 1605 1196 1688 ita
1217 1609 1374 1717 politis
1391 1607 1473 1724 ιμ’-

179 1746 312 1840 paret
352 1755 442 1814 noo
483 1734 640 1815 mutari
674 1751 871 1826 naturam
912 1735 1235 1840 aequationum
1260 1741 1474 1846 ,praemis-

179 1861 351 1963 sarum‚
388 1861 462 1942 sed
482 1861 634 1969 augeri
651 1878 825 1941 tanturn
847 1858 1023 1942 calores
1044 1861 1294 1948 litteratum
1312 1895 1354 1952 m
1371 1889 1470 1959 etm

176 1993 281 2100 quia
318 2005 434 2074 uero
467 1991 688 2090 incertum
728 1986 789 2071 est
821 2009 1037 2096 quantum
1071 2011 1347 2100 augeantur,
1371 2019 1472 2086 :eus

183 2111 578 2208 determinabimus
599 2143 679 2228 per
701 2117 1013 2227 experimenta
1028 2114 1047 2221 ,'
1084 2139 1217 2230 atque
1237 2121 1294 2206 stc
1317 2127 1472 2235 polles

179 2249 555 2352 examinabimus,
590 2274 648 2330 an
683 2249 973 2358 aequationes
990 2246 1159 2334 duobus
1179 2257 1469 2361 experimen·

178 2362 237 2461 tis
276 2381 646 2460 accommodatae
677 2380 953 2462 conueniant
978 2403 1081 2481 cum
1119 2379 1299 2492 reliquis
1326 2383 1469 2497 expes

173 2507 385 2590 timentis
419 2506 478 2589 ¹de
509 2501 675 2590 'eodem
713 2507 912 2617 pendulo
945 2505 1112 2592 sumtis.
1182 2507 1338 2624 ltaque
1367 2537 1467 2603 ate·-

171 2652 279 2734 mbr
309 2651 452 2763 prima
483 2652 752 2797 aequatione
783 2636 836 2774 §.
863 2677 936 2734 ιο.
972 2672 1141 2760 nempe
1161 2635 1468 2786 rzlt—Ql:
1581 2715 1583 2722 ν

166 2776 610 2902 (143nlt)‚)uel
644 2781 742 2890 quia
775 2782 823 2861 in
859 2779 1025 2862 eodem
1057 2779 1256 2890 pendulo
1275 2789 1466 2875 eodem·

74 2986 78 2994 .
164 2936 257 3023 que
294 2909 1061 3000 fluidononmucanturlitteraeu
1095 2931 1213 3020 erg,
1246 2937 1521 3028 ponemusx
1657 2927 1664 2940 “

522 3032 1054 3140 rzat-l>(1÷el
1062 3041 1079 3138 l
1238 3153 1240 3160 ¹

164 3167 306 3282 atque
326 3169 371 3252 in
393 3165 557 3250 duobus
577 3145 734 3250 ca'fibus¹
770 3164 1096 3273 particularibus
1132 3166 1399 3280 inquiremus
1419 3177 1467 3266 in

168 3298 352 3386 naiores
371 3299 619 3381 litterarum
641 3324 670 3379 α
692 3316 735 3378 et
756 3293 793 3378 s.
865 3297 960 3381 Hos
981 3315 1128 3379 autem
1167 3299 1284 3384 casus
1322 3303 1463 3391 sume·

171 3409 271 3516 'rnus
307 3453 364 3514 ex
399 3419 544 3510 Newt.
581 3420 691 3508 Nat.
730 3421 873 3510 Prien·
902 3415 1050 3510 Maru.
1073 3452 1116 3536 P·
1143 3456 1256 3532 8¹0·
1283 3433 1387 3519 edit.
1413 3465 1460 3546 3·

261 3558 330 3653 ,Ι.
370 3559 529 3672 Certus
564 3553 720 3664 globus
757 3579 815 3638 ex
848 3573 970 3640 certa
996 3553 1242 3642 altitudine
1287 3560 1497 3672 suspen--

167 3687 234 3773 sus
271 3663 514 3774 describens
553 3689 704 3795 primo
727 3685 925 3770 descensu
936 3685 1113 3768 sextum
1135 3706 1313 3794 partem
1335 3696 1462 3782 unius

168 3821 297 3929 pedis
334 3817 454 3945 post
468 3820 568 3924 3'74
606 3809 902 3940 oscillationes
935 3813 1104 3898 ascensu
1127 3815 1231 3900 secit
1256 3821 1458 3946 odlauarn

170 3969 350 4058 partem
388 3947 511 4033 unius
550 3947 687 4056 pedis.

169 4099 291 4184 Hict
274 4063 1459 4214 t:3·‚r:3,l:374,vndel:(3-374u):(1÷—64'2⁸l
1495 4121 1498 4128 ·

288 4226 347 4312 ΙΙ.
387 4222 511 4311 Idem
551 4225 706 4371 globus
745 4224 946 4309 similiter
968 4225 1183 4336 suspensus
1214 4229 1458 4316 describens

167 4358 325 4468 ptimo
363 4355 560 4439 descensu
596 4356 775 4438 tertiam
817 4374 991 4466 partem
1026 4358 1153 4440 vuius
1192 4349 1314 4468 pedis
1357 4350 1457 4472 post'

171 4511 271 4593 272
308 4487 610 4609 oscillationes
641 4484 857 4636 ascensum
894 4480 999 4570 secat
1020 4489 1244 4599 aequalem
1268 4500 1458 4648 quartae

170 4618 291 4726 parti
331 4617 519 4727 pediu.
737 4635 741 4641 '
800 4638 807 4646 “

168 4743 292 4836 Tam.
331 4743 387 4837 V
787 4622 857 4830 8
1049 4871 1063 4882 ,ι
1368 4673 1452 4837 llic

1611 2188 1644 2248 Ι»
