4459 6017
540 532 960 692 waram
1310 605 1413 716 aa«,

128 831 330 922 concilio
360 831 655 947 praefidebat,
690 831 831 938 Ioue,
863 831 1108 945 Apolline,
1137 838 1329 928 Hercule
1342 868 1424 932 au·
1514 939 1519 954 ,

130 965 252 1076 spitii
284 964 421 1048 caussa
454 967 650 1065 vocatis,
692 962 746 1044 de
764 962 918 1074 quibus
934 965 1275 1058 confulta-ndum
1292 973 1421 1081 effer,

127 1100 178 1179 in
209 1095 410 1176 medium
449 1087 753 1202 proponebat.
818 1089 1111 1179 suadentibus
1151 1095 1276 1205 aliis,
1324 1101 1425 1186 aliis

77 1273 81 1281 ·
127 1221 489 1322 dissuadentibus,
524 1221 556 1306 fi
594 1221 734 1302 maior
763 1217 1120 1330 Damiurgorum
1163 1251 1267 1334 pars
1307 1253 1426 1314 con·

127 1351 334 1457 sentiret,
364 1349 637 1432 referebatur
671 1346 996 1458 ad'populum.
1057 1352 1220 1437 'Tertio
1252 1357 1426 1442 diede-

103 1539 107 1545 ·
128 1500 305 1566 eretum
326 1479 419 1562 iusti
435 1475 620 1561 concilii
636 1474 755 1579 fieri,
773 1480 955 1584 exlege
971 1499 1087 1563 erat.
1154 1482 1225 1566 Eo
1244 1484 1290 1570 in
1307 1509 1426 1569 con·

127 1611 264 1711 cilio,
283 1605 483 1718 quotide
503 1605 624 1690 bello
642 1603 843 1690 aduersus
860 1605 1115 1717 Philipptnn
1148 1633 1305 1722 rege-m
1322 1635 1429 1698 rum

128 1740 345 1828 Romanis
371 1739 573 1844 gerendo
609 1733 806 1817 habitum
837 1735 918 1837 est,
957 1735 1061 1822 Sex.
1089 1737 1229 1823 Aelio
1257 1741 1425 1848 Paete,

124 1867 181 1949 T.
195 1866 402 1982 Quine'i-io
421 1865 674 1950 Flaminino
691 1864 730 1950 C
738 1861 814 1945 oll.
832 1866 1024 1976 quinque
1047 1863 1290 1977 Damiurgi
1308 1869 1425 1958 rela-

127 2013 269 2108 turos·
290 1993 333 2079 se
366 1991 679 2078 ostendebant:
728 1994 920 2103 quinque
957 1993 1032 2078 alii
1076 1995 1190 2080 riuos
1226 1999 1319 2081 dies
1350 2017 1425 2086 te·

127 2123 316 2226 nebant,
368 2144 427 2204 ne
479 2121 709 2204 decretum
747 2120 924 2202 recitari
974 2141 1022 2205 et
1060 2126 1293 2236 perrogari
1321 2130 1426 2214 fen·

127 2254 298 2335 tentiae
329 2244 532 2361 possent,
562 2247 720 2333 donec
766 2247 991 2336 Memnon
1031 2249 1297 2337 Pellenensis
1341 2259 1424 2342 ad·

123 2382 275 2464 uersae
295 2381 436 2484 partis
454 2401 563 2458 anus
580 2395 627 2458 et
649 2374 781 2456 minis
799 2394 847 2454 et
858 2377 1249 2481 precibusRhisrali
1264 2435 1279 2483 ,
1292 2402 1424 2491 pater

127 2509 163 2591 is
183 2527 278 2588 erat
299 2502 581 2607 Memnonis,
620 2503 674 2584 ad
693 2499 1073 2614 Demiurgorum,
1101 2507 1178 2615 qui
1196 2509 1423 2596 Romania

124 2634 351 2721 studebant
384 2633 623 2718 sartionem
655 2630 800 2713 tertio
835 2627 908 2714 die
935 2631 1185 2735 traductas,
1223 2657 1418 2720 numero

127 2763 367 2848 iubentium
406 2758 589 2843 acceffit.
654 2756 730 2844 Sic
763 2757 953 2874 relatum
987 2759 1049 2844 est
1090 2761 1146 2844 arl
1184 2759 1419 2875 populum.

122 2890 320 3001 Dymaei
339 2907 386 2972 et
408 2886 805 2998 Megalopolitani,
827 2892 1073 2998 priusquam
1107 2888 1183 2976 lex
1193 2889 1424 2978 serebatur

115 3048 150 3104 a
186 3015 386 3129 populo,
421 3041 479 3100 ne
511 3041 565 3098 ea
584 3037 874 3122 tenerentur,
900 3018 1103 3117 coneilio
1123 3019 1417 3105 excesserunt.

122 3146 240 3236 nnis
275 3147 331 3230 de
367 3146 522 3251 rebus,
566 3171 693 3255 qnam
735 3147 790 3227 de
830 3147 985 3256 quibus
1027 3167 1133 3230 ante
1176 3149 1423 3236 concilium

120 3301 226 3363 eam
257 3274 408 3358 senatu
445 3260 703 3385 populoque
735 3274 1001 3382 singularum
1033 3277 1267 3361 ciuitatum
1288 3301 1419 3362 com·

125 3407 397 3490 munientem
418 3403 585 3508 stillet,
618 3405 689 3512 agi
707 3404 753 3488 in
771 3404 972 3488 conciliis
993 3428 1085 3488 non
1109 3407 1288 3513 placuit.
1323 3406 1418 3492 Ita·

125 3559 212 3646 que
247 3533 448 3622 Caecilio
483 3532 639 3642 legato
672 3533 886 3620 Romano
922 3551 1139 3643 negarunt
1175 3535 1420 3620 concilium
1566 3617 1599 3666 ·.

121 3666 271 3770 gentis
304 3663 346 3744 se
379 3664 563 3747 daturos
589 3660 851 3769 Damiurgi,
885 3660 977 3745 nisi·
1002 3661 1164 3771 scripta
1209 3650 1434 3748 mandata·

121 3795 301 3892 ederet,
338 3793 392 3874 de
428 3793 577 3903 quib-ns
611 3808 741 3874 antea
778 3791 905 3875 domi
934 3789 1237 3878 consideraret
1266 3815 1419 3903 popu·

119 3923 204 4008 los.
270 3921 496 4002 Praetoris
529 3940 654 4022 erat,
692 3916 889 4024 hortari,
925 3941 976 4005 vt
1010 3921 1068 4004 ‹le
1102 3923 1419 4007 communire

120 4051 194 4136 sua
224 4038 511 4151 conferrent,
547 4048 804 4156 suaderent,
840 4047 1160 4155 dissuaderent,
1196 4051 1422 4160 expende·

120 4196 225 4264 rent
263 4199 396 4283 aequa
430 4175 555 4260 lance
591 4177 790 4260 rationes
825 4179 942 4282 suaa,
979 4202 1037 4265 ex
1074 4181 1214 4264 animi
1245 4182 1302 4264 soi
1323 4180 1418 4277 sen·
1551 4277 1565 4288 ,

122 4309 268 4390 tentia
306 4304 416 4386 nihil
452 4305 543 4413 iple
576 4303 780 4409 dicebat,
818 4305 851 4388 si
884 4307 942 4390 de
971 4306 1095 4392 bello
1117 4344 1121 4354 ⁶
1147 4307 1422 4418 disceptare.

123 4457 214 4520 tur.
280 4436 570 4550 Quapropter
603 4430 933 4542 Philopoemen
975 4455 1160 4542 praetor
1195 4437 1310 4546 apotl
1344 4436 1419 4522 Li.

121 4567 268 4654 niam:
286 4569 360 4672 (8)
391 4561 487 4649 bene
533 4576 817 4780 σοωρανῦτιὲηὲ
854 4557 964 4778 {pud
1007 4558 1193 4675 Achaeos
1225 4561 1420 4806 φέναξ
