4459 6017
359 555 600 660 RERVM
632 559 1105 662 SCYTHICARVM.
1274 584 1403 694 '347

124 807 254 899 dania.
317 805 390 894 Est
425 805 533 892 haec
566 803 814 914 Dandaria‚
852 807 906 892 de
942 831 1023 919 qua
1058 804 1405 922 supradiximus:

126 961 167 1024 at
203 941 431 1027 Rauennae
464 934 538 1018 ille
576 935 778 1044 profecto
814 930 1038 1024 Dardanos
1080 938 1156 1020 sibi
1196 942 1304 1025 uisus
1343 940 1405 1026 est

126 1061 475 1177 deprehendiffe:
513 1065 615 1173 quid
653 1069 770 1149 enim
813 1065 928 1149 aliud
979 1065 1053 1156 fibi
1107 1064 1216 1154 velit
1268 1069 1405 1152 isthuc

117 1197 273 1312 patria·
288 1182 501 1279 maxima?

236 1450 377 1536 Venit
410 1445 521 1533 mihi
556 1446 645 1534 hoc
681 1445 788 1534 loco
824 1447 872 1533 in
908 1437 1109 1536 mentem
1142 1447 1338 1535 Platonis
1358 1450 1405 1534 in

120 1579 310 1666 secundo
347 1581 403 1664 de
438 1578 678 1689 Republica
717 1579 898 1664 didlum:
932 1584 1122 1692 primum
1155 1579 1332 1690 quidem
1360 1597 1407 1662 et

120 1707 196 1795 vel
232 1709 426 1794 maxime
460 1705 851 1818 reprehensionem
890 1704 1077 1812 habere,
1117 1703 1261 1815 liquis
1281 1731 1406 1790 men·

122 1838 278 1939 tiator,
322 1837 556 1947 praecipue
589 1856 764 1938 tamen,
798 1826 868 1923 ἐάν
901 1857 962 1937 τις
994 1826 1061 1951 μή
1098 1831 1235 1936 καλῶς
1260 1827 1406 1951 ‘diue-

113 1955 195 2083 'lcq
262 1965 374 2084 Quid
411 1981 556 2047 autem
594 1963 741 2075 potest
777 1964 862 2049 else
898 1967 1105 2075 imperite
1129 1965 1334 2063 mentiri,
1374 1963 1405 2047 fi

122 2091 257 2196 haec,
297 2116 404 2204 quae
441 2093 758 2201 produximus,
796 2091 956 2202 aliquid
992 2095 1159 2201 ingenii
1203 2083 1405 2176 habent?

121 2221 232 2310 Non
252 2220 311 2304 est
330 2223 393 2306 ita
413 2221 645 2328 deplorata
664 2219 843 2304 historia
863 2218 1090 2322 Romana,
1126 2242 1174 2304 ut
1196 2223 1249 2336 Q.
1270 2221 1404 2303 Pom·

119 2350 209 2463 peii
246 2347 545 2458 temporibus,
586 2349 761 2458 aliquod
799 2373 967 2430 nomen
1004 2346 1128 2430 soille
1172 2348 1245 2431 vel
1287 2347 1404 2432 Dar·

123 2479 283 2560 danum
321 2473 394 2560 rel
429 2474 661 2560 Teucriam
685 2497 904 2585 putemus:
941 2498 1031 2555 non
1057 2473 1130 2555 illa
1150 2493 1252 2556 tunc
1271 2476 1410 2558 Troia

122 2607 227 2707 suit,
267 2603 691 2714 vt-Asgardigloria‚
731 2602 803 2688 vel
837 2596 992 2687 O'thini
1030 2591 1166 2712 regiaj
1206 2603 1295 2684 eius
1321 2625 1407 2692 cua·

121 2731 260 2816 ssitati
294 2735 546 2818 conueniat.
614 2733 770 2841 Neque
821 2731 981 2816 Turcia
1036 2730 1109 2812 illa
1164 2727 1408 2814 Orientalis

119 2863 428 2950 Romanorum
464 2883 669 2969 amquam
692 2881 811 2942 arma
832 2857 1035 2942 audiuille
1055 2856 1245 2944 ridetur.
1315 2855 1407 2945 Ge·

120 3005 201 3074 tae
236 3012 348 3073 vero
384 2986 627 3072 ad'Istrum
666 2985 880 3089 {ensuerunt
903 2987 1052 3070 ‘etiam
1096 2985 1147 3068 iis
1184 2987 1408 3096 tempori·

119 3115 229 3217 bus,
266 3115 413 3226 quibus
449 3113 541 3198 fere
572 3114 811 3224 Pompeius
847 3113 945 3216 fuit,
983 3137 1108 3224 cum,
1148 3136 1195 3199 vt
1233 3141 1290 3198 ex
1311 3118 1406 3220 Ap·

122 3245 249 3354 piani
286 3242 577 3329 Alexandrini
613 3243 800 3352 Illyricis
836 3243 1027 3344 constat,
1058 3240 1176 3328 'bella
1222 3247 1264 3326 in
1302 3239 1409 3348 llly-

64 3455 83 3480 ‚
115 3375 221 3458 rico
257 3371 453 3460 Romani
487 3371 721 3479 gess'erunt.
792 3369 973 3458 Snorros
1001 3368 1243 3474 Sturlacus‚
1265 3374 1335 3472 (6)
1355 3369 1409 3472 dp

123 3519 276 3582 aetate
311 3501 470 3584 Othini
506 3499 559 3582 fic
597 3500 797 3614 testatum
836 3499 1030 3606 reliquit:
1066 3513 1138 3607 per
1163 3492 1208 3579 id
1234 3510 1407 3608 tempus,

119 3623 396 3712 Romanorum
430 3625 700 3740 imperatorer
723 3651 842 3710 arma
853 3617 954 3737 sua,
994 3621 1102 3734 longe
1144 3624 1304 3740 lateque
1332 3640 1411 3734 per·

119 3754 263 3842 orbem
288 3753 638 3868 circumferentes,
675 3748 836 3838 carietes
864 3756 1041 3838 *nationes
1065 3743 1298 3864 subiugum
1335 3753 1412 3836 mi·

100 3877 227 3995 sere:
267 3905 346 3995 quo
367 3879 512 3987 fiebat,
548 3900 598 3968 vt
627 3876 853 3998 poffeffiones
877 3873 975 3994 suas
1014 3877 1130 3964 multi
1165 3879 1307 3965 domini
1343 3879 1408 3962 de·

101 4004 315 4126 sererent.
381 4007 552 4094 Romani
584 4014 880 4120 imperatorer,
905 4007 1149 4111 Snorroni,
1181 4005 1414 4092 R'umveria

117 4133 389 4248 Hostirgiam
425 4139 642 4223 uocabulo
679 4137 899 4246 aptillnmo
936 4141 987 4220 ad
1027 4159 1121 4218 rem
1161 4133 1408 4245 et‘amplis·
1484 4219 1489 4224 ,

118 4271 228 4357 fimi
266 4265 425 4367 sensus,
460 4284 509 4349 ut
553 4287 851 4375 quemcunque
901 4265 1197 4371 magistratum
1240 4267 1409 4353 Roma·

120 4422 236 4484 num
272 4395 515 4479 contineat.
584 4389 796 4498 Prologus
831 4391 981 4477 Eddae
1020 4390 1178 4500 diserte
1219 4394 1414 4499 Pompe.

703 4521 784 4628 Yy
824 4545 849 4600 a
912 4570 917 4579 ι
1315 4521 1409 4638 ium

144 4651 334 4757 “lc->3
352 4675 377 4740 1·
400 4691 428 4754 r·
451 4687 477 4752 ς·
