4459 6017
806 609 910 700 ,44
1216 507 1409 666 aaran
1437 561 1708 668 Acurrrcr.

803 847 879 911 me
900 812 1154 907 exercuisse.
1223 811 1570 919 Videtur-igitur
1590 809 1819 919 superiori
1848 835 1971 896 anno
1994 813 2108 902 suisl'e

804 950 1047 1040 inAchaia.
1117 945 1233 1036 Nam
1270 939 1473 1049 Polybius
1504 941 1812 1024 Peirescianus'
1836 939 1895 1026 fic
1934 945 1987 1028 de
2027 971 2108 1032 eut

805 1083 859 1172 C.
881 1079 1034 1171 Gallus
1048 1073 1178 1195 χωρὶς
1209 1067 1289 1158 τῶν
1307 1057 1387 1184 dipl
1402 1060 1603 1184 {assultu
1621 1063 1937 1184 ἀλογημάτων
1953 1098 2107 1186 oropo-

806 1202 1032 1327 perhenne
1050 1235 1101 1306 εις
1136 1193 1215 1304 τήν
1235 1205 1385 1288 Ασίαν.
1453 1199 1585 1286 Nulla
1606 1199 1705 1282 sane
1731 1203 1816 1280 alia
1847 1205 2101 1307 impruden·

807 1360 882 1425 ter
910 1337 1047 1439 fasta,
1080 1355 1207 1445 quam
1230 1331 1403 1441 quaein
1434 1326 1608 1419 'Achaia
1647 1330 1942 1438 perpetrauit.
2013 1333 2100 1418 Fuit

808 1466 945 1577 igitur
973 1460 1232 1552 Callicrates
1254 1476 1438 1573 praetor
1462 1481 1579 1544 anno
1601 1456 1804 1543 Achaico
1829 1481 1942 1562 115.
1974 1463 2103 1548 veluti

809 1598 858 1680 in
887 1586 1145 1681 mercedem
1183 1587 1470 1701 proditionis„
1495 1583 1766 1696 magistratus
1794 1589 1835 1673 ei
1866 1585 2034 1676 delatus
2056 1589 2102 1676 stt

662 1808 671 1818 ,
810 1725 864 1809 ab
896 1721 1081 1810 Achaeis
1109 1722 1320 1806 Romano
1341 1713 1523 1801 fulmine
1545 1716 1763 1800 attonitis.
1829 1717 2029 1802 Tandem
2043 1725 2101 1808 A·

658 2327 664 2342 ’
709 2373 715 2388 ’
811 2363 912 2453 lint.

811 1849 1064 1938 theuienses
1083 1846 1289 1957 Oropios
1308 1843 1594 1932 adflixerunt:
1617 1845 1779 1953 Oropii
1799 1846 2101 1936 Achaeosllle·

810 1979 981 2068 nalcida
1002 1997 1214 2088 praetore
1255 1975 1529 2074 accinerunt,
1570 1997 1712 2082 equo
1743 1973 1867 2057 fonte
1898 2001 2101 2063 extrema

813 2108 1040 2194 calamitas
1061 2105 1270 2192 manauit.
1338 2103 1495 2190 liabeo
1526 2103 1750 2187 auctorem
1791 2105 2028 2192 Pausaniam
2056 2129 2101 2192 et

810 2239 875 2323 ita
894 2236 1069 2338 habeo,
1101 2253 1150 2319 ut
1174 2249 1403 2322 extremae
1424 2249 1656 2342 praeturae
1678 2256 1736 2318 ex
1757 2256 1812 2316 eo
1827 2231 1976 2318 referri
1997 2237 2104 2345 pos

934 2495 993 2579 V.
1030 2489 1301 2582 lllenalcidns
1342 2487 1605 2603 Spartanus,
1643 2493 1833 2599 Diaeus,
1866 2492 2103 2582 Damocri-

714 2723 717 2728 ,
813 2642 907 2730 tus,
944 2623 1117 2711 Diaeus
1148 2623 1337 2725 iterum,
1395 2623 1647 2726 Critolaus,
1705 2623 1872 2710 Diaeus
1911 2629 2103 2734 tertium,

814 2749 1385 2867 praetoressuceellerunt,
1411 2749 1520 2836 telle
1538 2749 1748 2854 Paulapia.
1786 2755 1950 2850 Horum
1971 2781 2103 2862 prae·

815 2903 941 2969 turae
964 2879 1379 2978 ,ordinandaelunn
1420 2879 1660 2991 ¹Incipiam
1702 2907 1724 2962 a
1763 2881 1984 2970 Critolao.
2030 2883 2104 2968 Ad

812 3010 928 3098 hunc
951 3033 1212 3122 praetorem
1234 3007 1373 3118 legati
1403 3033 1565 3096 tenere
1595 3011 1821 3114 Romani,
1857 3013 1931 3122 qui
1957 3015 2101 3098 conci·

812 3137 921 3255 lium
941 3141 1085 3254 gentis
1106 3137 1179 3222 fibi
1207 3157 1255 3222 vt
1289 3138 1496 3238 daretur,
1530 3137 1814 3250 postularunt.
1885 3141 2101 3229 Critolaus

816 3293 895 3354 eos
914 3269 1070 3353 reiecit
1090 3268 1143 3350 ad
1165 3265 1332 3350 sextum
1357 3269 1560 3352 mensem
1584 3288 1626 3350 et
1650 3268 1801 3350 statum
1825 3273 1970 3378 gentis
1999 3298 2103 3356 cnu-

684 3458 687 3461 κ
815 3395 962 3483 cilium
987 3397 1058 3481 sub
1077 3397 1329 3481 audumno.
1357 3399 1432 3502 (a)
1480 3395 1867 3510 Veneruntigitur
1886 3398 2024 3508 legari
2041 3401 2107 3486 suh

815 3524 916 3636 ipsas
937 3525 1134 3636 auspiciis
1157 3545 1403 3632 praeturae.
1450 3523 1559 3610 Inde
1592 3523 1816 3611 Critolaus
1836 3553 2105 3612 conuentum

816 3654 1100 3770 Achaeorum
1124 3649 1335 3741 Corinthi
1376 3653 1563 3753 indixit,
1606 3655 1678 3738 tbi
1714 3654 1874 3738 bellum
1910 3655 2014 3760 effe,
2035 3684 2105 3769 ge·

815 3783 1122 3868 rendumcum
1153 3780 1367 3868 Romanis
1399 3779 1624 3866 decretum
1655 3783 1730 3866 cll.
1796 3787 1849 3901 Q.
1894 3785 2108 3874 Caecilius

817 3911 1053 4014 Metellus,
1087 3930 1405 4020 propraetore
1431 3912 1462 3992 is
1483 3910 1793 3996 Macedoniam
1818 3915 2016 4018 tenebat,
2041 3941 2108 4000 ac·

818 4066 957 4149 cepto
979 4042 1168 4140 nuncio,
1206 4036 1260 4122 L.
1285 4037 1509 4122 Mummio
1533 4039 1640 4126 Cos.
1671 4039 1829 4125 bellum
1854 4050 2110 4132 mandatum

669 4251 681 4266 ,
819 4167 1090 4265 Achaicum,
1112 4166 1418 4248 maturandum
1444 4168 1585 4267 duxit,
1609 4188 1654 4250 rt
1677 4167 1779 4252 belli
1796 4167 1981 4256 Achaici
2004 4203 2107 4260 con·

819 4294 920 4382 seni
942 4294 1129 4403 gloriam
1154 4295 1453 4402 praeciperet.
1525 4297 1716 4384 Primum
1742 4323 1819 4405 per
1843 4303 2027 4386 nuncios
2051 4305 2108 4390 Α·

819 4423 965 4510 chaeis
987 4423 1243 4536 edixit,·'ut
1266 4421 1479 4532 quosdam
1512 4424 1619 4508 alius
1648 4425 1868 4536 populos,
1906 4435 1977 4540 qui
2016 4433 2053 4514 se
2089 4453 2112 4512 a

2005 4587 2119 4639 con..

900 4694 961 4773 o>
978 4687 1121 4752 vanua
1142 4707 1172 4770 u·
1196 4711 1268 4770 aa
