4459 6017
802 531 901 653 με
1214 523 1401 628 uasat
1432 519 1717 626 acuum·

802 778 976 866 Audito
997 772 1303 865 Machanidam
1338 769 1570 876 recedisse,
1606 767 1780 882 Aegium
1796 757 1844 880 se
1874 763 1942 858 ud
1971 775 2103 862 corui·

713 918 716 922 ·
800 903 896 991 lium
914 904 1171 998 Achaeorum
1195 903 1362 1020 recepit.
1430 905 1567 990 Recte
1589 901 1720 986 isthuc
1740 901 1859 1006 sane,
1880 907 2099 1014 quoniam

801 1055 906 1121 ante
934 1036 1136 1146 Olympii
1169 1034 1325 1118 ludicri
1354 1051 1529 1142 tempus
1567 1033 1698 1140 Aegii
1740 1029 1946 1115 solemne
1988 1060 2096 1120 con·

802 1163 951 1247 cilium
970 1163 1167 1272 legendo
1196 1161 1400 1272 praetori
1420 1161 1660 1246 conuenire
1676 1157 1859 1246 lolebat.
1927 1163 2092 1251 Reddi·

801 1293 867 1377 dit
890 1310 982 1373 tum
1005 1291 1228 1399 Philippus
1254 1287 1440 1378 Achaeis
1465 1289 1680 1376 Heraeam
1719 1311 1765 1373 et
1790 1289 2091 1400 Triphylian.

798 1418 909 1506 Inde
945 1443 1042 1504 cum
1071 1417 1262 1506 Achaeis
1287 1418 1570 1528 repentinam
1601 1416 1933 1528 impreffiooem
1968 1419 2091 1504 clulie

799 1550 1005 1634 deuectus
1027 1549 1069 1631 in
1082 1546 1314 1636 Aetoliam
1336 1546 1456 1632 fecit.
1521 1546 1589 1634 Ex
1609 1545 1793 1633 Aetolia
1813 1570 1910 1630 cum
1930 1553 2091 1658 praeda

798 1678 977 1766 Niciam
997 1700 1255 1786 praetorem
1277 1677 1467 1786 Aegium
1491 1673 1682 1779 remisit,
1719 1677 1810 1786 ipse
1839 1677 1891 1758 ad
1922 1677 2086 1760 confir·

800 1807 990 1890 mandos
1011 1804 1085 1892 sabi
1107 1808 1280 1892 animos
1299 1805 1495 1890 aduersus
1515 1803 1716 1890 Attalum
1749 1829 1928 1914 regem,
1948 1804 2085 1894 Grae·

803 1935 917 2016 ciam
950 1935 1073 2019 obiit.
1139 1935 1276 2020 Vides
1306 1935 1404 2018 sane
1427 1957 1484 2018 eo
1517 1933 1567 2016 'iu
1606 1933 1800 2020 concilio
1830 1959 2088 2042 praetorem
2204 1955 2205 2008 l

662 2129 666 2136 .
802 2061 924 2146 suiffe
970 2062 1130 2150 lec'tum
1170 2065 1369 2168 Niciam,
1409 2061 1666 2172 Liuiumque
1703 2061 2089 2170 ressubprimam

801 2191 1118 2304 Olympiadem
1158 2194 1383 2276 ineuntem
1425 2189 1689 2277 transtuliffe
1725 2191 1768 2273 io
1795 2191 1975 2274 alterum
1999 2215 2084 2272 an·

801 2343 924 2402 num.
993 2323 1115 2406 Ante
1143 2321 1318 2408 Niciam
1350 2319 1584 2429 Cycliades
1622 2342 1806 2430 praetor
1844 2317 1920 2399 luit
1955 2342 2091 2402 anno

798 2447 1002 2536 Achaico
1033 2468 1113 2553 71.
1181 2451 1296 2537 Nam
1327 2447 1469 2535 Liuius
1489 2455 1559 2555 (3)
1584 2447 1640 2532 fic
1680 2451 1762 2535 ait:
1796 2443 1968 2536 Solemui
1994 2441 2083 2530 Ne·

798 2599 975 2663 mauritio
988 2579 1166 2692 peroio,
1186 2579 1406 2692 paucisque
1416 2577 1561 2663 additis
1577 2579 1709 2664 debus
1719 2573 1943 2688 Dymasest
1954 2571 2090 2686 propi-

799 2700 886 2793 iius
922 2705 1170 2820 Philippus:
1206 2701 1446 2824 Cycliadas,
1477 2723 1592 2824 peries
1632 2730 1719 2791 mm
1741 2699 1903 2818 summe
1929 2703 2088 2814 imperii

799 2849 920 2940 nat,
959 2833 1193 2954 Achaeique
1228 2835 1284 2920 od
1315 2830 1472 2942 Dymas
1508 2839 1591 2946 regi
1630 2847 1914 2920 occurrerunt.
1972 2832 2074 2914 Pau·

800 2964 861 3046 cis
883 2965 981 3074 post
1005 2968 1152 3051 diebus
1181 2968 1235 3050 ad
1256 2965 1464 3052 Luriffom
1496 2963 1672 3048 fluuium
1702 2989 1847 3076 pugna
1875 2957 1971 3046 c'um
1995 2963 2087 3045 Ae-

801 3093 927 3197 tolis,
975 3094 1093 3178 Eleis
1130 3095 1429 3205 Romanisque
1474 3097 1681 3176 acerrima
1718 3090 1964 3195 commiffa,
2001 3095 2085 3205 (4)

615 3201 619 3204 ⁴
798 3217 1023 3332 Philippus
1057 3251 1137 3309 rex
1168 3223 1371 3311 msusen.
1438 3221 1684 3306 Fuiffetuni
1703 3221 2081 3332 magistrumeqoi·

800 3368 895 3435 tum
929 3351 1349 3463 Philopoemenem,
1379 3349 1627 3437 Plutarchus
1658 3352 1933 3454 testatur.(5)
1954 3347 2084 3464 Quod

798 3483 1001 3566 cumvix
1043 3479 1420 3570 commemorasset
1464 3479 1637 3580 Liuias,
1685 3500 1778 3564 tum
1828 3477 2083 3588 verostoilu

799 3601 917 3690 iuius
945 3612 1056 3715 anni,
1075 3613 1240 3722 inquit,
1280 3603 1335 3693 T.
1353 3603 1566 3728 Quintilios
1591 3598 1787 3718 Crispinus
1806 3601 1893 3691 cos.
1915 3631 1969 3690 ex
1988 3600 2080 3687 ool·

797 3759 887 3820 aare
921 3740 1105 3826 aruritae.
1177 3741 1297 3858 Quae
1343 3739 1515 3848 quidem
1555 3734 1692 3846 longe
1742 3732 1981 3846 grauissima
2026 3733 2084 3816 est

800 3863 999 3950 offensio.
1046 3871 1182 3956 Nam
1205 3867 1372 3954 Nemea
1413 3865 1600 3965 dixerat,
1643 3889 1733 3946 non
1754 3870 1941 3965 laneca,
1977 3887 2084 3970 quae

799 3995 891 4078 acia
925 3995 1018 4080 scint
1045 3997 1316 4109 Olympiadis
1339 3993 1538 4083 CXLIII.
1563 3994 1712 4102 primo
1739 4021 1854 4079 anno
1877 4014 2090 4095 exeunte,
2202 4067 2203 4072 c

799 4124 922 4232 quod
946 4151 1098 4211 omnes
1122 4127 1335 4231 temporis
1374 4123 1486 4206 iliius
1526 4125 1726 4204 rationes
1764 4126 1938 4231 penites
1974 4146 2080 4201 con·
2202 4141 2203 4168 ¹

798 4250 996 4336 turbaret
1025 4277 1071 4337 et
1110 4257 1155 4336 in
1178 4253 1242 4338 Μ.
1261 4253 1376 4340 Liuii
1402 4253 1453 4340 C.
1478 4251 1651 4339 Claudii
1679 4253 1949 4334 consulatum
1975 4251 2078 4330 inci-

801 4379 952 4465 deret:
983 4381 1056 4466 scd·
1083 4404 1132 4467 ea
1164 4383 1356 4486 Nemea,
1388 4405 1497 4490 quae
1534 4381 1624 4465 adia
1653 4377 1746 4462 funt
1768 4380 2005 4491 luperioris
2023 4377 2086 4461 θ.

1899 4507 2080 4587 ivonii.
2201 4517 2202 4532 ¹
