4459 6017
412 584 653 686 RERVM
688 583 1163 688 SCYTHICARVM.
1361 619 1454 702 μς
1492 640 1495 644 ·

296 827 434 918 Erant
468 851 563 915 tum
601 833 776 920 Romae
812 831 866 919 C.
903 829 1035 920 Marii
1082 832 1300 942 plebisque
1344 834 1461 918 uites
1572 920 1577 936 ‚

173 979 335 1045 contra
373 961 611 1072 optimates
648 963 944 1066 praeualidae:
990 961 1276 1068 optimatibus
1320 949 1456 1044 stude·

174 1087 251 1170 bat
293 1085 421 1171 Sulla.
489 1084 676 1169 Interim
718 1087 817 1167 dum
860 1089 909 1166 ad
939 1075 1458 1195 componendasre'srr·

173 1215 238 1296 bis
276 1213 390 1298 Sulla
427 1211 742 1320 proficiscitur,
785 1211 1092 1312 Mithridates,
1134 1235 1180 1295 vt
1210 1217 1270 1295 ait
1312 1213 1457 1300 Mem·

175 1367 294 1438 nou,
333 1344 405 1444 (8)
443 1331 583 1454 πολλοὶ
614 1331 686 1426 dui
718 1332 796 1437 criu
838 1341 877 1426 ἐν
921 1371 947 1440 η
993 1331 1245 1455 καἹηνὲχθη
1280 1333 1459 1455 συμΦο·

170 1465 248 1582 pair
275 1460 512 1567 &aegialea
543 1463 675 1554 ἐθνῶν
709 1458 753 1569 ἐξ
778 1446 980 1582 ὑπαρχῆς
1008 1458 1335 1584 χειρωσάμὲνος,
1362 1469 1464 1550 taul-

168 1599 226 1680 .tis
250 1597 462 1704 gentibus,
499 1622 603 1710 quae
629 1606 806 1708 propter
846 1601 1135 1699 calamitatem,
1185 1621 1267 1704 qua
1302 1610 1463 1704 repente

172 1737 413 1826 corrtaerat,
458 1717 697 1832 destruant,
751 1728 942 1836 receptis,
998 1727 1113 1806 vires
1169 1726 1458 1830 recuperauit.

172 1851 223 1935 Id
260 1871 371 1959 puro
410 1851 629 1952 accidisse,
686 1853 909 1961 postquam
969 1853 1016 1936 L.
1062 1851 1284 1936 Muraena
1314 1850 1458 1934 Sullae

170 1977 339 2086 legatus
379 1981 728 2064 reuocatus-est
784 2005 806 2060 a
864 1979 1125 2064 Mithridate
1182 1978 1453 2062 lacesceudo.

155 2108 288 2220 'Nam
327 2131 423 2189 cum
459 2105 576 2192 Sulla
613 2131 767 2214 pacem
808 2111 901 2213 regi
939 2107 1146 2212 deduscit,
1185 2107 1397 2191 Muraena
1433 2130 1457 2188 e

172 2234 470 2345 Cappadocia
496 2259 594 2315 eum
631 2227 872 2316 laceliebat.
941 2236 1039 2318 Hoc
1061 2256 1247 2336 amot0‚
1284 2227 1454 2342 Appia·

170 2387 248 2444 nus
281 2385 453 2470 quoque
490 2361 695 2461 testatur,
718 2363 787 2463 (9)
826 2360 1136 2443 Mithridatem
1156 2462 1159 2471 .
1177 2385 1245 2444 res
1276 2361 1456 2470 Bospo-

169 2512 296 2573 ranus
342 2487 557 2572 ordinalie
602 2510 647 2574 et
688 2485 943 2572 Machatem
995 2485 1132 2572 filium
1169 2492 1462 2598 geutiprae.

166 2615 339 2722 licilie,
375 2615 583 2703 Achaeos
619 2616 807 2725 denique
843 2611 1043 2714 Colchis„
1070 2612 1286 2723 finitimos
1334 2615 1455 2698 sobe·
1547 2666 1550 2670 -

168 2747 323 2854 gilio,-
355 2747 478 2832 Haud
511 2747 573 2826 ita
611 2741 754 2826 multo
795 2741 914 2852 post,
954 2743 1001 2826 L.
1040 2739 1240 2826 Lucullus
1268 2761 1453 2826 excou·

171 2874 387 2964 sulatum
426 2872 627 2961 Ciliciam
667 2871 943 2978 prouinciam
981 2890 1025 2955 et
1061 2871 1113 2952 ad
1157 2866 1318 2953 bellum
1367 2868 1457 2956 Mi.

166 2999 479 3102 thridaticum,
502 2999 584 3082 .Μ.
624 2997 824 3094 Aurelius
862 2997 1003 3086 Cotta
1038 3000 1128 3084 eius
1165 2999 1210 3078 in
1231 2995 1455 3080 consulatu

171 3127 344 3236 collega
380 3115 478 3208 cum
518 3123 642 3212 clalse
682 3128 733 3210 ad
764 3123 1090 3234 Propontidem
1110 3123 1452 3236 Bithyniamque

169 3261 376 3340 tuendam
415 3274 648 3336 uerierunt.
715 3255 756 3338 P.
794 3253 981 3340 Rutilius
1016 3255 1183 3341 Cottae
1202 3254 1370 3361 legatus
1402 3254 1455 3336 ad

169 3385 507 3471 Chalcedouem
544 3384 707 3482 caesus,
750 3383 987 3464 maximam
1028 3371 1248 3466 exercitus
1276 3400 1452 3486 partem

171 3512 323 3596 amisit.
392 3511 550 3600 Gloria
584 3510 797 3596 uictoriae
838 3531 971 3616 penes
1006 3509 1233 3596 Basternas
1256 3509 1471 3592 maxime

167 3640 271 3743 suit,
306 3642 376 3751 qui
415 3639 629 3749 peditibus
665 3638 877 3725 Romanis
907 3637 968 3725 ¹in
1014 3635 1159 3743 sugam
1214 3633 1448 3737 coniceris,

170 3794 372 3876 magnam
413 3770 597 3874 stragem
638 3766 1004 3871 edideranr.(1o)
1065 3762 1451 3903 Basternarumad
1558 3809 1568 3827 ι

168 3899 354 4002 triginta
388 3897 666 3998 ceciderunt,
706 3919 763 3978 ex
800 3891 973 4003 reliquo
1013 3895 1210 3980 exercitu
1228 3890 1358 3998 regio
1386 3887 1450 3972 se-

170 4022 413 4132 ptingenti.
481 4023 674 4108 Romani
711 4022 879 4132 pedites
918 4023 970 4103 ad
1005 4022 1191 4134 quinque
1227 4016 1364 4101 millia
1403 4031 1450 4098 et

168 4154 447 4262 quingentos.
513 4149 632 4233 Haec
670 4152 764 4258 regi
798 4147 986 4234 victoria
1007 4153 1060 4238 A.
1084 4149 1141 4233 V.
1165 4149 1344 4235 0680.
1369 4144 1450 4225 ob·
1499 4196 1506 4209 ,

168 4281 286 4388 tigit.
352 4265 584 4365 Baster'nae
623 4299 794 4374 autem,
834 4299 1019 4382 quorum
1055 4277 1102 4362 in
1139 4278 1337 4364 exercitu
1360 4271 1448 4354 Mi·

694 4454 698 4468 =
741 4402 795 4491 ss
835 4431 861 4485 2
1244 4396 1450 4485 thridatis

252 4689 309 4768 (Β)
334 4705 362 4764 r·
388 4691 456 4770 aaa
505 4681 562 4763 (9)
585 4696 611 4756 r·
634 4676 702 4756 3⁶³·
741 4675 821 4756 (10)
844 4675 982 4736 manen
1004 4695 1030 4754 a·
1054 4690 1123 4756 ata·
