4459 6017
641 475 738 590 DE
759 481 984 592 'Nom
1228 579 1231 583 .
1359 521 1469 612 ης·

65 741 75 756 ’
175 731 224 826 ln
258 753 359 826 mea
395 725 645 849 potestate,
678 731 1052 826 mcdefinitionea
1072 736 1355 824 autorumad
1377 737 1470 824 offa

1522 406 1566 426 Ν.-

171 863 443 983 distirguenda
481 861 590 952 milri
621 863 906 952 sufficiebant.
974 866 1193 980 Cogitaui
1229 869 1367 977 igitur
1410 871 1468 954 de
1527 924 1536 954 ι,

174 993 377 1104 methodo,
414 1017 498 1109 qua
531 993 632 1080 huic
670 997 970 1084 incommodo
1006 997 1240 1103 mederer,
1278 1022 1468 1111 cumque

173 1127 249 1214 illa
288 1128 419 1212 nimis
454 1127 570 1212 rudis
607 1141 653 1213 et
687 1127 950 1213 anatomico
987 1125 1171 1238 indigna
1209 1128 1464 1233 rideretur,

166 1285 276 1374 quae
313 1255 406 1342 oll‘a
442 1253 567 1370 ligno
602 1259 795 1366 quodam
831 1279 1017 1362 notare,
1062 1277 1135 1344 aut
1165 1252 1351 1342 vinculis
1372 1285 1469 1344 cat·

171 1387 424 1502 ceribusque
457 1409 673 1474 coercere
710 1385 857 1494 iubet3
897 1400 1016 1473 notas
1060 1385 1268 1498 quasdam
1312 1383 1468 1472 chara·

168 1513 396 1630 Cleriflicas
431 1540 490 1601 ex
524 1521 725 1602 accurata
758 1513 914 1601 ollium
952 1519 1153 1628 ipsorum
1196 1517 1469 1627 cognitione

166 1645 338 1740 haustas
373 1643 484 1730 mihi
517 1643 753 1732 familiares
790 1645 991 1750 reddidi,
1040 1645 1250 1730 incitatus
1312 1671 1471 1735 exem·

170 1776 255 1889 plo
293 1765 471 1885 Vesalii‚
507 1775 606 1888 qui,
643 1775 712 1861 vti
753 1773 881 1861 dese
916 1774 1297 1887 inHum.C0rp.
1336 1777 1464 1865 Fabr.
1560 1841 1563 1845 -

169 1907 221 1996 L.
242 1905 277 1994 1.
301 1905 413 2014 Cap.
434 1905 533 1992 XL.
568 1904 776 2008 testatur,
823 1902 934 2014 lengo
977 1899 1233 2022 indeseffique
1261 1899 1470 2018 spectandi

169 2029 243 2148 vsu
274 2029 434 2122 adortus
467 2033 592 2119 etiam
623 2028 816 2122 eburneis
849 2030 977 2124 oeulis
1010 2027 1312 2148 cumsodalibus
1331 2039 1475 2124 inter··

168 2169 263 2256 dum
295 2167 484 2277 deponere
517 2157 634 2276 auses
658 2157 829 2276 suerat,
863 2163 985 2251 enias
1017 2163 1171 2253 mediae
1202 2159 1470 2280 horrespatio

169 2295 319 2384 nullum
351 2319 397 2379 os
430 2299 486 2376 ex
508 2295 780 2397 macereris,
803 2295 1133 2404 incommodis,
1160 2294 1330 2410 porrigi
1345 2295 1478 2412 poffevs

169 2421 303 2541 quod,
324 2425 538 2510 cuiusmodi
556 2418 662 2537 effer,
677 2418 798 2507 ralla
815 2427 888 2510 aon
905 2423 1161 2510 diiudicant.
1224 2427 1325 2513 Nec
1345 2452 1474 2525 meae

172 2577 250 2640 me
285 2551 441 2638 seselllt
472 2553 614 2648 labor.
653 2551 879 2663 Diligenti
916 2555 1035 2638 enim
1070 2551 1474 2664 contemplatione

172 2684 286 2770 tales
304 2683 517 2795 exquilrlli
535 2697 678 2787 notas,
717 2709 900 2795 quarum
920 2705 1037 2794 ope,
1059 2681 1148 2768 offa
1169 2680 1335 2772 Sceleti
1353 2711 1474 2797 quo·.

173 2819 491 2924 modocuaque
528 2813 647 2898 inter
685 2811 726 2895 se
765 2813 905 2914 mista,
969 2811 1083 2898 facili
1106 2815 1299 2923 negotio
1323 2816 1469 2902 inor·

170 2942 329 3027 dlnem
353 2945 555 3052 redigere
576 2942 724 3026 didici.
791 2941 1005 3030 quabu'nt
1027 2941 1099 3028 illa
1120 2942 1242 3028 forte
1263 2963 1308 3028 et
1331 2946 1466 3034 aliosz

172 3073 292 3157 dabo
329 3073 465 3184 igitur
500 3069 819 3185 descriptiones
855 3071 1008 3159 harum
1035 3051 1256 3159 'notarum
1285 3094 1340 3159 et
1357 3068 1490 3160 dell·¹

171 3203 428 3291 neationee.
495 3199 717 3310 Suppono
755 3223 932 3310 autem,
969 3205 1043 3316 qui
1061 3202 1170 3287 haec
1190 3207 1236 3290 in
1254 3189 1350 3290 ”rsus
1371 3205 1471 3291 luo·

174 3353 447 3418 conuertere
481 3329 648 3434 velint,
687 3334 954 3443 cognitione
989 3333 1140 3419 offium
1163 3333 1250 3417 iam
1272 3333 1471 3419 imbutos

179 3463 266 3549 elle
299 3461 662 3575 quodammodo:
700 3485 801 3548 non.
828 3464 949 3548 enim
988 3461 1285 3576 osteologiam
1308 3461 1473 3573 scribo.

175 3593 251 3684 led
289 3591 441 3682 offium
479 3589 597 3718 soles
633 3591 904 3698 characteres
937 3615 1071 3710 opto.

294 3849 331 3938 1.
347 3851 478 3941 Circa
494 3865 617 3967 caput
652 3877 744 3938 non
784 3876 896 3966 opus
930 3851 1018 3959 est,
1056 3869 1107 3943 rt
1142 3849 1215 3939 dlu
1242 3849 1471 3942 haeream.

175 3983 303 4073 Raro
341 3983 471 4106 enim
500 3985 699 4069 accidere
720 3983 856 4096 solet,
894 4005 943 4074 vt
965 3985 1070 4071 illud
1092 3988 1137 4070 in
1159 3982 1306 4096 plures
1335 4009 1468 4098 quam

178 4113 225 4198 in
266 4112 367 4195 duas
404 4130 550 4220 partes
586 4113 830 4219 diuidatur,
868 4114 975 4227 quae
998 4119 1134 4204 etiam
1162 4115 1371 4203 facillime
1393 4113 1470 4199 fibi

177 4244 343 4330 iterum
367 4242 676 4350 imponuntur.
744 4245 890 4356 Caput
911 4270 1059 4333 autem
1088 4250 1314 4356 integrum
1334 4247 1378 4329 in
1399 4243 1471 4328 sua
1492 4271 1496 4280 ·

180 4371 298 4476 olla,
336 4395 393 4459 ex
427 4371 577 4484 quibus
608 4370 816 4479 caluaria,
857 4401 1010 4482 nares,
1048 4376 1252 4472 maxillae
1272 4369 1471 4481 eompo·

179 4523 368 4613 nentur,
405 4503 653 4590 resoluere·
662 4502 841 4618 partlm
866 4505 912 4588 in
947 4503 1135 4616 Sceletle
1177 4501 1479 4596 conficiendis,

769 4629 850 4720 Hh
873 4660 901 4722 a
1313 4631 1468 4716 locum
