4459 6017
275 395 282 405 ·
424 376 733 479 marcar
776 380 1153 482 minimas·
1370 417 1480 505 ιφ,

189 625 384 738 pedibus
425 629 543 726 resia
578 613 828 736 insistente)
864 645 912 714 tt
934 653 1032 713 cum
1053 629 1133 717 bac
1154 633 1197 716 in
1228 633 1483 731 linearesin

207 778 253 842 et
291 760 342 842 ad
389 756 675 843 horizontem
723 758 1081 870 perpendiculari
1120 762 1380 854 descendat:
1411 769 1485 852 secl

204 885 465 974 deflectitur
519 887 626 976 illud
691 912 818 976 retro
883 889 1086 974 deorsum
1151 894 1196 976 in
1249 895 1365 977 linea
1425 900 1515 998 ad„

199 1013 490 1102 horizontem
565 1017 820 1127 obliqua.
871 1021 1026 1128 Neque
1092 1023 1232 1106 minus
1272 1023 1362 1106 ossa
1400 1051 1482 1134 pu-

201 1146 263 1230 bis
309 1172 353 1232 et
390 1141 510 1231 isclrii
548 1146 785 1256 plurimum
826 1150 878 1230 od
920 1147 1137 1253 interiora
1176 1136 1482 1259 reclinantur,

201 1296 247 1358 er
286 1301 384 1388 cum
427 1276 515 1360 offe
553 1277 680 1360 sacro
717 1295 886 1375 rantum
924 1300 1014 1358 non
1044 1277 1252 1382 parallele
1276 1307 1478 1368 currunt

198 1407 313 1490 Hinc
353 1403 449 1490 ollis
492 1405 598 1488 sacri
637 1404 931 1514 superficies
921 1425 1097 1490 interna
1133 1432 1225 1491 nnn
1270 1432 1363 1492 tam
1402 1437 1480 1494 an·

199 1537 394 1638 teriora,
433 1559 562 1648 quam
601 1533 835 1638 inferiora,
870 1551 1054 1618 externa
1084 1555 1231 1618 autem
1272 1559 1480 1623 nontam

197 1664 475 1772 posteriora,
513 1686 639 1772 quam
669 1665 903 1774 ‘superiora
925 1662 1130 1772 respicit:
1163 1689 1301 1773 neque
1332 1672 1482 1752 minus
1586 1652 1591 1660 ’

202 1816 254 1875 os
293 1793 416 1902 pubis
448 1794 645 1876 exterius
666 1795 806 1902 magis
826 1789 1029 1876 deorsum
1046 1815 1179 1900 quam
1201 1797 1477 1901 anscarium,

199 1920 384 2006 interius
404 1947 517 2008 uero
539 1921 677 2032 magis
693 1923 852 2004 sursum
874 1947 1001 2032 qoam
1018 1921 1264 2006 retrorsum
1296 1924 1478 2032 spectac.

281 2055 294 2072 ”
316 2042 354 2140 l.
393 2059 438 2137 6.
477 2051 548 2142 Ex
568 2047 632 2134 lri's
652 2035 863 2162 seqbitur,
894 2045 1169 2134 ‘verissimum
1190 2051 1367 2162 quidem
1391 2053 1477 2170 elie

196 2177 268 2282 id,
305 2182 425 2290 quod
460 2180 616 2266 Vesica
652 2181 838 2264 urinaria
873 2181 919 2264 in
942 2181 1155 2292 cauitate,
1194 2207 1302 2292 quae
1336 2179 1480 2290 peluis
1600 2225 1606 2241 ·

199 2303 384 2415 dicitur,
408 2312 716 2396 contineatur:
753 2308 842 2392 salli
862 2325 1011 2391 autem
1035 2333 1140 2410 eos,
1181 2313 1370 2420 quicum
1397 2306 1473 2397 Co·

194 2434 326 2522 lumbo
344 2439 553 2526 statuant:
587 2437 707 2523 illam
718 2431 796 2549 sub
814 2435 904 2523 osse
924 2434 1191 2546 pubissrtam
1214 2438 1315 2524 effe.
1357 2440 1476 2530 Non

198 2571 315 2652 enim
355 2583 478 2654 certe
513 2567 651 2656 vesica
689 2569 760 2652 siab
800 2567 889 2652 offe
912 2565 1063 2675 pubis
1053 2579 1193 2671 ratet,
1228 2553 1475 2676 sedpotius

195 2697 514 2784 euidentissime
552 2689 679 2782 lr'uic
690 2693 768 2780 osli
789 2689 965 2804 oblique
995 2690 1352 2821 superincumbit.

316 2818 355 2918 §-
394 2849 439 2933 7.
478 2827 585 2910 Vsus
605 2821 729 2912 buius
751 2823 1070 2911 obseruarrom
1054 2821 1366 2936 potissimum
1388 2846 1473 2911 ιιι

194 2956 304 3069 plex
342 2955 445 3040 est.-
482 2957 598 3044 Nam
637 2951 789 3062 primo
825 2949 999 3066 quidem
1025 2945 1186 3065 Vefalio
1211 2952 1302 3036 suus
1323 2952 1476 3044 honos

191 3083 461 3192 restituitur,
498 3085 572 3208 qui
609 3107 701 3170 non
737 3081 889 3196 apicem
921 3077 1121 3204 uesicae,
1178 3081 1251 3167 seu
1295 3102 1472 3197 partem

191 3214 493 3327 superiorem,
534 3217 603 3299 cui
611 3209 819 3297 urachus
856 3184 1161 3318 connectitur,
1200 3212 1268 3296 vti
1305 3235 1471 3326 perpe-

189 3367 284 3432 ram
302 3339 517 3430 fecerunt
557 3341 811 3450 Scriptores
834 3337 1136 3454 posteriorum
1175 3358 1468 3451 temporum,

190 3473 265 3558 sed
315 3471 557 3560 hientlimam
609 3469 778 3558 vescae
834 3471 1041 3579 corporis
1093 3461 1248 3581 sedin,
1293 3455 1473 3579 sontium

190 3603 323 3708 dixit,
360 3603 433 3716 qui
451 3591 628 3715 quidem
647 3598 801 3685 fundus
822 3599 1007 3712 proprie
1030 3597 1239 3710 planities
1257 3587 1469 3724 illa(§.43)

192 3728 362 3842 eisquc
380 3731 520 3821 vesica
538 3731 751 3819 intestino
767 3733 892 3818 recto
914 3725 1321 3815 incombinneinde
1340 3754 1469 3815 com·

185 3861 377 3946 modum
416 3860 528 3946 baud
565 3859 856 3976 spernendum
895 3859 1112 3945 redundat
1148 3855 1361 3963 in'ilios‚·
1395 3858 1468 3969 qui

190 3989 587 4078 exscindendotum
626 3992 825 4102 lapidum
864 3991 1001 4076 caussa
1037 3987 1260 4073 methodo
1284 3986 1465 4106 Clresel·

190 4121 379 4206 deniana
398 4122 512 4206 circa
533 4139 707 4232 partem
737 4121 850 4204 hanc
876 4121 1125 4226 versantur,
1162 4119 1325 4230 quippe
1347 4142 1464 4227 ope·

186 4252 307 4341 ratio
346 4252 391 4336 in
427 4250 537 4336 bac
547 4251 636 4362 iplb
675 4249 856 4360 planitie
884 4249 1132 4336 instituitur.
1197 4245 1467 4356 imaginaria

189 4381 377 4572 denique
412 4382 532 4472 ratio
567 4375 936 4600 tollitur,cquam
974 4379 1028 4468 de
1048 4379 1234 4493 antiquo
1258 4375 1338 4463 situ
1360 4390 1463 4460 ann

812 4533 898 4594 c·
871 4571 900 4620 0
1305 4503 1467 4593 remisi
