4459 6017
548 631 960 766 »naamani-
1332 641 1447 791 seq·

147 929 499 1176 ornans
528 855 1434 1170 naaibicnnnvs

227 1196 229 1208 ’
457 1191 1109 1348 anonssnarors

695 1409 908 1530 aero

142 1549 1173 1778 ,TRMECTORHBSRfflSPROCIS
1215 1551 1445 1679 aron,

427 1745 616 1978 adiret.
643 1846 856 1980 Leonh.
882 1847 1114 1976 Eulaeo

287 2161 520 2277 blanquam
559 2143 801 2252 adnrodum
830 2163 961 2254 iacsse
977 2163 1042 2250 eii
1059 2164 1314 2249 innumeras
1334 2161 1439 2252 dare

136 2165 291 2472 Θ
322 2321 473 2381 curuas
505 2293 791 2405 algebraicas‚
823 2321 936 2407 quae
975 2292 1208 2382 rer'iificari
1244 2295 1440 2408 poisunt,

324 2425 582 2538 quaerendis
616 2424 692 2514 vel
723 2427 919 2511 -euolntis
950 2424 1028 2508 rel
1056 2425 1257 2510 ¹causticis
1284 2452 1438 2513 curua·

136 2579 248 2645 rum
300 2553 667 2666 algebraicarum3
710 2573 867 2640 remen
901 2552 936 2638 b
970 2551 1156 2638 ordines
1203 2578 1436 2640 curuarunr

134 2683 493 2790 consideremus,
529 2683 794 2770 rarissime
778 2711 827 2770 nr
854 2709 906 2767 ns
922 2701 1181 2788 occurrunt,
1217 2706 1326 2794 quae
1363 2709 1436 2769 re·

136 2813 465 2904 stificationem
496 2816 763 2899 admittant.
833 2811 888 2898 Io
915 2812 1075 2896 ordine
1113 2810 1328 2897 linearum
1369 2805 1439 2896 se-

136 2949 324 3047 cundo,
363 2944 437 3052 qui
466 2969 528 3028 ex
559 2940 819 3029 dediionibus
859 2941 1031 3024 conicis
1068 2935 1270 3045 constat,
1318 2935 1436 3028 oolla

135 3073 201 3160 est
244 3071 526 3180 huiusmodi·,
560 3071 606 3154 in
640 3072 785 3157 rertio
818 3069 930 3153 duae
963 3067 1185 3162 habentur
1218 3059 1434 3158 reedifica-

131 3201 280 3306 biles‚
320 3225 528 3313 quantum
565 3201 948 3310 quidemeonstat.
1017 3201 1133 3288 Cum
1155 3222 1301 3286 autem
1329 3222 1434 3287 anre

132 3332 316 3442 aliquot
355 3355 494 3414 annos
533 3331 577 3411 in
613 3326 1195 3416 inueniendisrraiedroriis
1225 3331 1446 3439 recipro··

131 3463 198 3547 eis
237 3457 496 3571 algrbraicis
535 3481 770 3573 occupatus
792 3457 949 3565 essem,
984 3458 1251 3546 methodum
1275 3460 1430 3550 Celeb.

129 3587 227 3678 Iob.
270 3586 475 3676 Bernoulli
511 3589 702 3696 primurn
736 3589 936 3698 sequutus
974 3585 1302 3698 diligenriffime
1332 3615 1437 3690 corz

131 3741 211 3804 uas
253 3714 557 3808 redificabiies
576 3717 885 3828 adquirebam,
921 3734 973 3801 vt
993 3717 1044 3800 iis
1072 3719 1124 3804 ad
1147 3709 1436 3828 propo'situm'

130 3873 312 3936 vterer.
397 3845 570 3934 Detexi
615 3849 748 3932 eriam
793 3850 841 3930 in
880 3845 1036 3932 ordine
1081 3849 1224 3933 sexto'
1250 3872 1430 3934 curnam

129 3974 497 4080 aedificabilem,
536 4001 644 4089 quae
689 3973 798 4061 mihi
843 3976 1081 4085 praebebat
1125 3977 1430 4064 traiedioriam

129 4108 437 4221 algebraicam
478 4109 649 4192 ordinis
683 4106 851 4220 quarti,
897 4131 1032 4218 eaque
1061 4105 1255 4194 ‘satisfeci
1294 4093 1428 4220 quae·

128 4239 272 4326 iboni
312 4261 405 4322 tum
442 4239 659 4346 agitatae,
700 4237 754 4323 de
792 4233 1048 4322 exhibendis
1093 4233 1430 4346 simplicioribus

128 4367 412 4456 traiedioriis
448 4367 692 4474 reciprocis
727 4367 994 4476 algebraicis.
1061 4365 1217 4452 Inueni
1251 4391 1431 4478 quoque

128 4499 305 4586 multas
342 4496 626 4609 aequationes
661 4493 889 4606 generales
934 4519 1086 4583 curuas
1127 4494 1432 4584 redifirabiies

131 4631 324 4726 dantes,
348 4627 573 4744 exquibus
592 4625 640 4714 in
659 4647 849 4742 promtu
870 4647 965 4714 erat
998 4651 1155 4716 omnes
1186 4651 1335 4714 curuas
1354 4649 1426 4708 re·

130 4753 263 4848 Tem.
299 4745 357 4846 V·
773 4755 817 4846 Y
1264 4753 1431 4846 ctifica-
1557 4864 1560 4871 .
