4459 6017
385 471 647 598 ‘RERVM
685 489 1157 606 serimentum.
1321 536 1442 620 <³29

147 738 336 860 polliceri
359 763 433 832 non
476 743 690 846 audenus,
739 739 925 854 exeupia
963 753 1095 828 tanen
1132 736 1444 866 haudquaquam
1503 756 1508 765 ‘

151 899 219 962 nor
238 867 458 976 deficiunt,
503 869 648 987 quibus
692 871 882 962 certiores
918 867 1153 978 reddimur,
1204 879 1320 966 uirus
1350 875 1444 966 olim

148 1000 421 1108 eruditifflmos
448 996 570 1104 fidem
597 995 751 1086 talibus
777 991 964 1114 habuiffe.
1030 996 1247 1089 Similiter
1272 1003 1320 1086 in
1346 1004 1442 1093 Dt-

151 1137 219 1220 nis
256 1130 376 1218 Saxo
395 1125 742 1234 Grammaticus,
763 1131 832 1234 (2)
869 1125 1090 1214 Snorroni
1109 1132 1284 1241 quidem
1317 1133 1441 1217 nulio

151 1260 295 1370 modo
335 1259 683 1368 compara-ndns,
731 1275 777 1342 et
824 1253 1006 1342 testatur
1045 1256 1090 1342 in
1133 1258 1438 1368 praefatione,

146 1409 305 1476 retest
329 1390 525 1472 carmina
554 1385 603 1470 -se
638 1383 898 1496 respexiffe,
937 1405 985 1468 et
1010 1383 1108 1494 ipso
1130 1387 1177 1476 in
1201 1410 1341 1498 opere
1362 1415 1443 1478 ex.

150 1517 306 1606 hibuit.
350 1517 460 1604 Non
483 1513 541 1600 est
563 1515 759 1618 neceiie,
780 1535 830 1602 tt
847 1510 1004 1602 addam
1024 1511 1189 1625 aliquid
1207 1517 1263 1602 de
1283 1513 1441 1605 Gron-

147 1647 314 1753 landis,
353 1667 542 1757 quotum
578 1643 775 1730 carmina
806 1641 1133 1729 Thotnmodus
1165 1639 1444 1757 Islandus(3)

130 1775 333 1864 'edidicit
367 1793 413 1860 ct
452 1775 498 1861 in
537 1769 765 1861 historiam
800 1775 1039 1860 transtulit.
1103 1773 1330 1864 Tenemus
1354 1776 1440 1862 ini·

150 1907 263 1992 tium
298 1901 521 1990 undecimi
558 1899 712 2005 seculi,
750 1925 880 2007 cum,
916 1901 1126 2016 quidquid
1145 1905 1259 2009 teri,
1283 1931 1440 2003 rumor
1553 1911 1557 1921 '

150 2053 197 2119 et
232 2029 399 2128 fabulae
419 2030 655 2118 continete
675 2031 958 2137 uiderentur,
994 2033 1040 2116 in
1070 2029 1299 2118 historiam
1328 2058 1441 2118 con·

149 2163 245 2274 geri
280 2177 496 2269 coeptum
536 2158 609 2245 est.
677 2159 749 2246 Ex
785 2184 845 2246 eo
894 2183 1106 2271 ternpore
1135 2161 1439 2272 septemtrio

150 2291 259 2377 aulis
293 2287 475 2376 historia
517 2285 787 2374 firmioribus
839 2287 893 2372 ad
947 2285 1084 2376 fidem
1134 2295 1440 2378 monumentis

148 2421 235 2506 sese
272 2415 448 2504 extulit.
511 2417 628 2508 Nam
670 2417 719 2502 in
774 2417 1069 2525 superioribus
1122 2418 1435 2528 temporibus,

150 2545 327 2634 tametsi
365 2569 553 2658 operam
590 2567 775 2632 omnem
815 2567 943 2657 atque
984 2545 1210 2656 ingenium
1246 2546 1435 2637 tietbo-

150 2678 197 2762 ai
232 2673 542 2781 adhibuerunt,
578 2693 861 2760 tamennon
899 2674 1041 2763 modo
1078 2673 1126 2758 in
1158 2673 1335 2760 vetustis
1372 2674 1432 2760 fa-

147 2803 280 2912 bulis,
319 2805 470 2892 sedin
505 2802 732 2916 propioris
771 2804 927 2892 aetatis
942 2801 1210 2891 carminibus
1229 2821 1275 2888 et
1295 2799 1435 2908 sama,

147 2932 274 3020 facile
303 2931 382 3020 fuit
416 2931 521 3018 falli.
590 2927 765 3018 Snorro
798 2932 844 3016 in
877 2930 1157 3042 praefatione
1201 2929 1257 3015 stc
1295 2934 1438 3018 ratio·

146 3065 314 3149 cinaeus
335 3061 394 3146 est
411 3063 581 3146 secam:
614 3055 991 3167 hauddubitentus,
1018 3057 1182 3176 stagera
1199 3059 1294 3167 tua,
1335 3047 1439 3174 quae

143 3191 186 3276 in
223 3188 470 3277 carminibus
512 3186 755 3297 tradantur,
795 3191 842 3280 de
882 3186 1195 3303 expeditionibus
1243 3193 1445 3306 rebusque·

139 3322 283 3434 gestis,
318 3317 495 3404 ueritati
534 3307 786 3430 constructura
827 3315 991 3408 ducere:
1027 3319 1209 3434 quamuis
1245 3315 1312 3405 dic
1343 3336 1439 3436 poe·-

126 3465 280 3538 ‚tarum
318 3469 400 3532 mas
429 3449 513 3562 stt,
558 3457 612 3532 ut
656 3469 817 3551 corun,
862 3473 966 3563 qrene
994 3447 1073 3559 fibi
1121 3440 1434 3562 proposuerant,

144 3578 335 3682 encenia,
360 3572 512 3690 sumno
536 3575 740 3662 decantent
767 3591 907 3688 opere,
944 3581 1019 3664 uiLe
1035 3589 1164 3660 tamen
1183 3577 1435 3679 crediderim,

146 3721 380 3822 quenquam
416 3701 600 3818 austerum
615 3697 761 3822 fudit,
797 3701 948 3793 demina
978 3730 1025 3790 eu
1042 3709 1434 3818 narrarejarinnrm

148 3861 249 3950 quae
262 3832 574 3944 auscultantibus
602 3839 767 3945 pariter
782 3847 822 3920 et
848 3835 927 3948 ipſs
937 3832 1143 3950 salsttntis
1159 3834 1439 3948 caritatisque

147 3965 297 4052 nomine
318 3955 523 4076 perspedia
559 3959 720 4076 serunt,
773 3967 919 4080 quippe
973 3963 1013 4048 in
1056 3960 1221 4050 dedecus
1266 3969 1435 4078 parius,

148 4119 268 4212 quant
318 4089 469 4180 laudern
519 4098 741 4200 vergentia.
809 4095 1072 4180 Prudentem
1111 4092 1256 4177 uirum
1305 4094 1436 4178 audio

149 4248 195 4313 et
234 4221 351 4310 tedia
387 4223 529 4305 secum
559 4211 787 4304 ineuntem
833 4225 1054 4326 rationes,
1093 4222 1165 4306 sed
1203 4246 1313 4332 qnae
1341 4247 1435 4306 non

148 4351 262 4444 Turn.
300 4343 356 4436 V·
523 4338 531 4352 ⁸
645 4453 648 4458 ι
808 4350 902 4434 Vu
1113 4373 1115 4378 ’
1328 4353 1436 4435 ierne

215 4497 217 4499 Ι
235 4529 294 4608 (2)
317 4527 354 4590 Α.
374 4523 412 4588 C.
437 4541 523 4604 1193·
549 4521 708 4598 Stephanae
720 4519 890 4596 stephanius
905 4521 934 4574 in
952 4499 1157 4594 prolegomenis
1172 4527 1260 4596 p'at·
1278 4525 1337 4601 (3)
1355 4521 1437 4583 Μ.
1495 4533 1512 4554 “

153 4605 238 4698 t'oJo·
260 4613 427 4694 Amgriaaus
450 4609 533 4668 iones
551 4607 582 4666 in
602 4602 748 4682 specimine
771 4599 905 4662 islandiae
920 4599 1050 4660 hiuonco
1070 4615 1097 4676 p.
1126 4618 1192 4688 ¹5¹:
