<?xml version="1.0" encoding="UTF-8"?>
<!DOCTYPE html PUBLIC "-//W3C//DTD XHTML 1.0 Transitional//EN"
    "http://www.w3.org/TR/xhtml1/DTD/xhtml1-transitional.dtd">
<html xmlns="http://www.w3.org/1999/xhtml" xml:lang="en" lang="en">
 <head>
  <title>
</title>
<meta http-equiv="Content-Type" content="text/html;charset=utf-8" />
  <meta name='ocr-system' content='tesseract 3.04.00' />
  <meta name='ocr-capabilities' content='ocr_page ocr_carea ocr_par ocr_line ocrx_word'/>
</head>
<body>
  <div class='ocr_page' id='page_1' title='image "./commentariiacad03sssrgoog_0478.png"; bbox 0 0 4459 6017; ppageno 0'>
   <div class='ocr_carea' id='block_1_1' title="bbox 730 473 1691 622">
    <p class='ocr_par' dir='ltr' id='par_1_1' title="bbox 730 473 1691 622">
     <span class='ocr_line' id='line_1_1' title="bbox 730 473 1691 622; baseline -0.018 -37"><span class='ocrx_word' id='word_1_1' title='bbox 730 525 833 622; x_wconf 69' lang='lat'><em>4³2</em></span> <span class='ocrx_word' id='word_1_2' title='bbox 1216 473 1691 582; x_wconf 71' lang='lat' dir='ltr'><em>amaracum.</em></span> 
     </span>
    </p>
   </div>
   <div class='ocr_carea' id='block_1_2' title="bbox 656 701 2049 2768">
    <p class='ocr_par' dir='ltr' id='par_1_2' title="bbox 656 701 2049 2768">
     <span class='ocr_line' id='line_1_2' title="bbox 732 701 2040 838; baseline -0.014 -16"><span class='ocrx_word' id='word_1_3' title='bbox 732 737 811 822; x_wconf 83' lang='lat' dir='ltr'><em>bus</em></span> <span class='ocrx_word' id='word_1_4' title='bbox 857 723 1189 838; x_wconf 54' lang='lat' dir='ltr'><em>conficiendo„</em></span> <span class='ocrx_word' id='word_1_5' title='bbox 1225 725 1436 812; x_wconf 78' lang='lat' dir='ltr'><em>Promifft</em></span> <span class='ocrx_word' id='word_1_6' title='bbox 1479 701 1839 838; x_wconf 68' lang='lat' dir='ltr'><em>regn&#39;inlidiola</em></span> <span class='ocrx_word' id='word_1_7' title='bbox 1875 735 2040 826; x_wconf 77' lang='lat' dir='ltr'><em>erant,</em></span> 
     </span>
     <span class='ocr_line' id='line_1_3' title="bbox 736 851 2049 966; baseline -0.014 -14"><span class='ocrx_word' id='word_1_8' title='bbox 736 888 847 952; x_wconf 78' lang='lat' dir='ltr'><em>caue</em></span> <span class='ocrx_word' id='word_1_9' title='bbox 885 860 1020 948; x_wconf 78' lang='lat' dir='ltr'><em>euulsa</em></span> <span class='ocrx_word' id='word_1_10' title='bbox 1058 857 1109 940; x_wconf 88' lang='lat' dir='ltr'><em>ab</em></span> <span class='ocrx_word' id='word_1_11' title='bbox 1145 855 1242 964; x_wconf 92' lang='lat' dir='ltr'><em>ipso</em></span> <span class='ocrx_word' id='word_1_12' title='bbox 1280 856 1491 966; x_wconf 84' lang='lat' dir='ltr'><em>Cycliade</em></span> <span class='ocrx_word' id='word_1_13' title='bbox 1517 865 1612 938; x_wconf 91' lang='lat' dir='ltr'><em>lunt</em></span> <span class='ocrx_word' id='word_1_14' title='bbox 1632 853 1812 936; x_wconf 62' lang='lat' dir='ltr'><em>reiecta.</em></span> <span class='ocrx_word' id='word_1_15' title='bbox 1846 851 2049 940; x_wconf 89' lang='lat' dir='ltr'><em>L.Cor·</em></span> 
     </span>
     <span class='ocr_line' id='line_1_4' title="bbox 737 977 2049 1090; baseline -0.014 -9"><span class='ocrx_word' id='word_1_16' title='bbox 737 977 860 1081; x_wconf 73' lang='lat' dir='ltr'><em>nolio</em></span> <span class='ocrx_word' id='word_1_17' title='bbox 880 986 1094 1088; x_wconf 86' lang='lat' dir='ltr'>Lentulo,</span> <span class='ocrx_word' id='word_1_18' title='bbox 1113 983 1156 1068; x_wconf 90' lang='lat' dir='ltr'><em>P.</em></span> <span class='ocrx_word' id='word_1_19' title='bbox 1179 983 1319 1068; x_wconf 89' lang='lat' dir='ltr'>Villio</span> <span class='ocrx_word' id='word_1_20' title='bbox 1344 985 1461 1072; x_wconf 89' lang='lat' dir='ltr'><em>Coll.</em></span> <span class='ocrx_word' id='word_1_21' title='bbox 1486 981 1657 1088; x_wconf 82' lang='lat' dir='ltr'><em>hieme,</em></span> <span class='ocrx_word' id='word_1_22' title='bbox 1675 1007 1750 1066; x_wconf 83' lang='lat' dir='ltr'><em>aut</em></span> <span class='ocrx_word' id='word_1_23' title='bbox 1768 984 1923 1090; x_wconf 85' lang='lat' dir='ltr'><em>potius</em></span> <span class='ocrx_word' id='word_1_24' title='bbox 1947 979 2049 1090; x_wconf 89' lang='lat' dir='ltr'><em>pri·</em></span> 
     </span>
     <span class='ocr_line' id='line_1_5' title="bbox 740 1107 2045 1222; baseline -0.014 -14"><span class='ocrx_word' id='word_1_25' title='bbox 740 1147 822 1208; x_wconf 88' lang='lat' dir='ltr'><em>ruo</em></span> <span class='ocrx_word' id='word_1_26' title='bbox 843 1144 948 1209; x_wconf 80' lang='lat' dir='ltr'><em>uere</em></span> <span class='ocrx_word' id='word_1_27' title='bbox 969 1121 1013 1200; x_wconf 91' lang='lat' dir='ltr'><em>in</em></span> <span class='ocrx_word' id='word_1_28' title='bbox 1035 1111 1247 1200; x_wconf 81' lang='lat' dir='ltr'>Achaiam</span> <span class='ocrx_word' id='word_1_29' title='bbox 1284 1111 1458 1221; x_wconf 80' lang='lat' dir='ltr'><em>legatos</em></span> <span class='ocrx_word' id='word_1_30' title='bbox 1493 1113 1607 1196; x_wconf 80' lang='lat' dir='ltr'><em>malit</em></span> <span class='ocrx_word' id='word_1_31' title='bbox 1652 1107 1906 1222; x_wconf 80' lang='lat' dir='ltr'>Philippus,</span> <span class='ocrx_word' id='word_1_32' title='bbox 1944 1109 2045 1222; x_wconf 86' lang='lat' dir='ltr'><em>qui,</em></span> 
     </span>
     <span class='ocr_line' id='line_1_6' title="bbox 738 1239 2042 1361; baseline -0.01 -26"><span class='ocrx_word' id='word_1_33' title='bbox 738 1249 883 1361; x_wconf 86' lang='lat' dir='ltr'><em>iuquit</em></span> <span class='ocrx_word' id='word_1_34' title='bbox 915 1245 1083 1346; x_wconf 85' lang='lat' dir='ltr'><em>Liuius,</em></span> <span class='ocrx_word' id='word_1_35' title='bbox 1103 1271 1106 1279; x_wconf 88' lang='lat'>·</span> <span class='ocrx_word' id='word_1_36' title='bbox 1123 1239 1398 1326; x_wconf 85' lang='lat' dir='ltr'><em>iusiurandum</em></span> <span class='ocrx_word' id='word_1_37' title='bbox 1434 1241 1522 1342; x_wconf 85' lang='lat' dir='ltr'><em>(ita</em></span> <span class='ocrx_word' id='word_1_38' title='bbox 1541 1258 1641 1322; x_wconf 79' lang='lat' dir='ltr'><em>curm</em></span> <span class='ocrx_word' id='word_1_39' title='bbox 1665 1245 1908 1350; x_wconf 81' lang='lat' dir='ltr'><em>pepigerunt</em></span> <span class='ocrx_word' id='word_1_40' title='bbox 1928 1254 2042 1354; x_wconf 82' lang='lat' dir='ltr'><em>quot·</em></span> 
     </span>
     <span class='ocr_line' id='line_1_7' title="bbox 738 1363 2046 1482; baseline -0.01 -18"><span class='ocrx_word' id='word_1_41' title='bbox 738 1381 856 1464; x_wconf 85' lang='lat' dir='ltr'><em>annis</em></span> <span class='ocrx_word' id='word_1_42' title='bbox 883 1375 1090 1465; x_wconf 85' lang='lat' dir='ltr'><em>iuraturos</em></span> <span class='ocrx_word' id='word_1_43' title='bbox 1132 1371 1174 1452; x_wconf 89' lang='lat' dir='ltr'><em>in</em></span> <span class='ocrx_word' id='word_1_44' title='bbox 1212 1371 1342 1454; x_wconf 84' lang='lat' dir='ltr'><em>uerba</em></span> <span class='ocrx_word' id='word_1_45' title='bbox 1385 1364 1594 1480; x_wconf 86' lang='lat' dir='ltr'><em>Philippi)</em></span> <span class='ocrx_word' id='word_1_46' title='bbox 1633 1369 1875 1478; x_wconf 69' lang='lat' dir='ltr'><em>exigerent:</em></span> <span class='ocrx_word' id='word_1_47' title='bbox 1920 1363 2046 1482; x_wconf 83' lang='lat' dir='ltr'><em>stnul</em></span> 
     </span>
     <span class='ocr_line' id='line_1_8' title="bbox 740 1479 2040 1618; baseline -0.005 -28"><span class='ocrx_word' id='word_1_48' title='bbox 740 1510 811 1618; x_wconf 83' lang='lat' dir='ltr'><em>qui</em></span> <span class='ocrx_word' id='word_1_49' title='bbox 848 1501 1063 1588; x_wconf 82' lang='lat' dir='ltr'><em>redderent</em></span> <span class='ocrx_word' id='word_1_50' title='bbox 1096 1479 1282 1584; x_wconf 73' lang='lat' dir='ltr'><em>Achaea</em></span> <span class='ocrx_word' id='word_1_51' title='bbox 1313 1491 1590 1588; x_wconf 83' lang='lat' dir='ltr'><em>Orchomenon</em></span> <span class='ocrx_word' id='word_1_52' title='bbox 1643 1509 1681 1579; x_wconf 82' lang='lat' dir='ltr'><em>el</em></span> <span class='ocrx_word' id='word_1_53' title='bbox 1736 1491 1951 1582; x_wconf 67' lang='lat' dir='ltr'><em>Heraeam</em></span> <span class='ocrx_word' id='word_1_54' title='bbox 2003 1509 2040 1583; x_wconf 82' lang='lat' dir='ltr'><em>el</em></span> 
     </span>
     <span class='ocr_line' id='line_1_9' title="bbox 741 1623 2041 1745; baseline -0.004 -26"><span class='ocrx_word' id='word_1_55' title='bbox 741 1627 1019 1745; x_wconf 83' lang='lat' dir='ltr'><em>Triphyliam.</em></span> <span class='ocrx_word' id='word_1_56' title='bbox 1037 1635 1106 1736; x_wconf 77' lang='lat'><em>(3)</em></span> <span class='ocrx_word' id='word_1_57' title='bbox 1169 1627 1275 1714; x_wconf 81' lang='lat' dir='ltr'><em>Erat</em></span> <span class='ocrx_word' id='word_1_58' title='bbox 1297 1651 1354 1710; x_wconf 89' lang='lat' dir='ltr'><em>eo</em></span> <span class='ocrx_word' id='word_1_59' title='bbox 1377 1623 1737 1736; x_wconf 84' lang='lat' dir='ltr'><em>temporeadhuc</em></span> <span class='ocrx_word' id='word_1_60' title='bbox 1753 1649 1943 1735; x_wconf 84' lang='lat' dir='ltr'><em>praetor</em></span> <span class='ocrx_word' id='word_1_61' title='bbox 1957 1627 2041 1738; x_wconf 80' lang='lat' dir='ltr'><em>Cy·</em></span> 
     </span>
     <span class='ocr_line' id='line_1_10' title="bbox 743 1753 2040 1865; baseline -0.004 -18"><span class='ocrx_word' id='word_1_62' title='bbox 743 1762 933 1865; x_wconf 83' lang='lat' dir='ltr'><em>eliades,</em></span> <span class='ocrx_word' id='word_1_63' title='bbox 970 1759 1040 1844; x_wconf 87' lang='lat' dir='ltr'><em>cui</em></span> <span class='ocrx_word' id='word_1_64' title='bbox 1067 1755 1201 1840; x_wconf 90' lang='lat' dir='ltr'><em>initio</em></span> <span class='ocrx_word' id='word_1_65' title='bbox 1232 1757 1401 1842; x_wconf 79' lang='lat' dir='ltr'><em>aestatis</em></span> <span class='ocrx_word' id='word_1_66' title='bbox 1435 1753 1622 1838; x_wconf 83' lang='lat' dir='ltr'><em>suceelsrt</em></span> <span class='ocrx_word' id='word_1_67' title='bbox 1653 1754 1930 1862; x_wconf 85' lang='lat' dir='ltr'><em>Aristaenus,</em></span> <span class='ocrx_word' id='word_1_68' title='bbox 1968 1757 2040 1865; x_wconf 87' lang='lat' dir='ltr'><em>qui</em></span> 
     </span>
     <span class='ocr_line' id='line_1_11' title="bbox 744 1883 2036 1998; baseline -0.005 -22"><span class='ocrx_word' id='word_1_69' title='bbox 744 1907 791 1976; x_wconf 86' lang='lat' dir='ltr'><em>et</em></span> <span class='ocrx_word' id='word_1_70' title='bbox 814 1888 1268 1998; x_wconf 73' lang='lat' dir='ltr'><em>Megalopolitanoaa</em></span> <span class='ocrx_word' id='word_1_71' title='bbox 1296 1884 1467 1973; x_wconf 77' lang='lat' dir='ltr'>Nabide</span> <span class='ocrx_word' id='word_1_72' title='bbox 1488 1883 1695 1978; x_wconf 74' lang='lat' dir='ltr'><em>liberauit</em></span> <span class='ocrx_word' id='word_1_73' title='bbox 1714 1905 1759 1966; x_wconf 91' lang='lat' dir='ltr'><em>et</em></span> <span class='ocrx_word' id='word_1_74' title='bbox 1778 1887 2036 1972; x_wconf 77' lang='lat' dir='ltr'><em>Romanam</em></span> 
     </span>
     <span class='ocr_line' id='line_1_12' title="bbox 745 2008 2031 2122; baseline -0.002 -21"><span class='ocrx_word' id='word_1_75' title='bbox 745 2017 988 2103; x_wconf 66' lang='lat' dir='ltr'><em>fallionem</em></span> <span class='ocrx_word' id='word_1_76' title='bbox 1007 2013 1269 2117; x_wconf 81' lang='lat' dir='ltr'><em>defendens,</em></span> <span class='ocrx_word' id='word_1_77' title='bbox 1295 2012 1552 2122; x_wconf 89' lang='lat' dir='ltr'><em>Cycliadem</em></span> <span class='ocrx_word' id='word_1_78' title='bbox 1575 2008 1759 2122; x_wconf 85' lang='lat' dir='ltr'><em>pepulit·</em></span> <span class='ocrx_word' id='word_1_79' title='bbox 1827 2013 1900 2097; x_wconf 86' lang='lat' dir='ltr'><em>De</em></span> <span class='ocrx_word' id='word_1_80' title='bbox 1924 2037 2031 2098; x_wconf 86' lang='lat' dir='ltr'><em>care</em></span> 
     </span>
     <span class='ocr_line' id='line_1_13' title="bbox 747 2131 2028 2252; baseline -0.008 -18"><span class='ocrx_word' id='word_1_81' title='bbox 747 2145 895 2234; x_wconf 84' lang='lat' dir='ltr'><em>Liuius</em></span> <span class='ocrx_word' id='word_1_82' title='bbox 922 2149 985 2230; x_wconf 88' lang='lat' dir='ltr'><em>ita</em></span> <span class='ocrx_word' id='word_1_83' title='bbox 1010 2144 1160 2227; x_wconf 87' lang='lat' dir='ltr'><em>habet:</em></span> <span class='ocrx_word' id='word_1_84' title='bbox 1179 2131 1251 2243; x_wconf 64' lang='lat' dir='ltr'>(ll)</span> <span class='ocrx_word' id='word_1_85' title='bbox 1282 2139 1462 2223; x_wconf 81' lang='lat' dir='ltr'><em>Elatiam</em></span> <span class='ocrx_word' id='word_1_86' title='bbox 1497 2139 1678 2250; x_wconf 79' lang='lat' dir='ltr'><em>obfidenti</em></span> <span class='ocrx_word' id='word_1_87' title='bbox 1702 2135 1846 2252; x_wconf 81' lang='lat' dir='ltr'><em>consuli</em></span> <span class='ocrx_word' id='word_1_88' title='bbox 1862 2145 1922 2222; x_wconf 84' lang='lat' dir='ltr'><em>rei</em></span> <span class='ocrx_word' id='word_1_89' title='bbox 1937 2167 2028 2224; x_wconf 80' lang='lat' dir='ltr'><em>ma·</em></span> 
     </span>
     <span class='ocr_line' id='line_1_14' title="bbox 744 2259 2033 2382; baseline -0.005 -24"><span class='ocrx_word' id='word_1_90' title='bbox 744 2275 850 2358; x_wconf 86' lang='lat' dir='ltr'><em>ioris</em></span> <span class='ocrx_word' id='word_1_91' title='bbox 855 2261 947 2382; x_wconf 87' lang='lat' dir='ltr'><em>spes</em></span> <span class='ocrx_word' id='word_1_92' title='bbox 962 2265 1136 2382; x_wconf 66' lang='lat' dir='ltr'><em>olimst,</em></span> <span class='ocrx_word' id='word_1_93' title='bbox 1169 2263 1425 2352; x_wconf 85' lang='lat' dir='ltr'><em>Achaeorum</em></span> <span class='ocrx_word' id='word_1_94' title='bbox 1436 2284 1593 2378; x_wconf 82' lang='lat' dir='ltr'><em>gentem</em></span> <span class='ocrx_word' id='word_1_95' title='bbox 1611 2295 1639 2352; x_wconf 91' lang='lat' dir='ltr'><em>a</em></span> <span class='ocrx_word' id='word_1_96' title='bbox 1646 2259 1836 2380; x_wconf 81' lang='lat' dir='ltr'><em>fhcietute</em></span> <span class='ocrx_word' id='word_1_97' title='bbox 1853 2273 1960 2376; x_wconf 77' lang='lat' dir='ltr'><em>regia</em></span> <span class='ocrx_word' id='word_1_98' title='bbox 1981 2265 2033 2352; x_wconf 77' lang='lat' dir='ltr'><em>al</em></span> 
     </span>
     <span class='ocr_line' id='line_1_15' title="bbox 746 2391 2032 2510; baseline -0.003 -22"><span class='ocrx_word' id='word_1_99' title='bbox 746 2395 970 2488; x_wconf 83' lang='lat' dir='ltr'><em>Romanam</em></span> <span class='ocrx_word' id='word_1_100' title='bbox 1020 2395 1244 2484; x_wconf 86' lang='lat' dir='ltr'><em>amicitiam</em></span> <span class='ocrx_word' id='word_1_101' title='bbox 1284 2399 1510 2491; x_wconf 74' lang='lat' dir='ltr'><em>annuendi:</em></span> <span class='ocrx_word' id='word_1_102' title='bbox 1554 2391 1779 2504; x_wconf 79' lang='lat' dir='ltr'><em>Cycliadan</em></span> <span class='ocrx_word' id='word_1_103' title='bbox 1818 2401 2032 2510; x_wconf 80' lang='lat' dir='ltr'><em>principem</em></span> 
     </span>
     <span class='ocr_line' id='line_1_16' title="bbox 656 2521 2030 2647; baseline -0.004 -33"><span class='ocrx_word' id='word_1_104' title='bbox 656 2604 659 2614; x_wconf 94' lang='lat'><em>.</em></span> <span class='ocrx_word' id='word_1_105' title='bbox 731 2523 929 2647; x_wconf 74' lang='lat' dir='ltr'><em>sallionis</em></span> <span class='ocrx_word' id='word_1_106' title='bbox 970 2528 1027 2611; x_wconf 85' lang='lat' dir='ltr'><em>ad</em></span> <span class='ocrx_word' id='word_1_107' title='bbox 1074 2521 1295 2634; x_wconf 84' lang='lat' dir='ltr'><em>Philippum</em></span> <span class='ocrx_word' id='word_1_108' title='bbox 1337 2522 1585 2610; x_wconf 82' lang='lat' dir='ltr'><em>trahentium</em></span> <span class='ocrx_word' id='word_1_109' title='bbox 1641 2549 1732 2627; x_wconf 84' lang='lat' dir='ltr'><em>res,</em></span> <span class='ocrx_word' id='word_1_110' title='bbox 1769 2525 2030 2637; x_wconf 62' lang='lat' dir='ltr'><em>expulerant,</em></span> 
     </span>
     <span class='ocr_line' id='line_1_17' title="bbox 748 2649 2031 2768; baseline -0.012 -22"><span class='ocrx_word' id='word_1_111' title='bbox 748 2654 1012 2768; x_wconf 70' lang='lat' dir='ltr'><em>Aristaenus,</em></span> <span class='ocrx_word' id='word_1_112' title='bbox 1051 2659 1121 2768; x_wconf 88' lang='lat' dir='ltr'><em>qui</em></span> <span class='ocrx_word' id='word_1_113' title='bbox 1154 2649 1345 2736; x_wconf 84' lang='lat' dir='ltr'><em>Romanis</em></span> <span class='ocrx_word' id='word_1_114' title='bbox 1369 2667 1527 2761; x_wconf 87' lang='lat' dir='ltr'><em>gentem</em></span> <span class='ocrx_word' id='word_1_115' title='bbox 1566 2655 1674 2766; x_wconf 83' lang='lat' dir='ltr'><em>iungi</em></span> <span class='ocrx_word' id='word_1_116' title='bbox 1699 2651 1871 2755; x_wconf 80' lang='lat' dir='ltr'><em>uolebat,</em></span> <span class='ocrx_word' id='word_1_117' title='bbox 1899 2672 2031 2768; x_wconf 84' lang='lat' dir='ltr'><em>prae.</em></span> 
     </span>
    </p>
   </div>
   <div class='ocr_carea' id='block_1_3' title="bbox 589 2769 2026 2901">
    <p class='ocr_par' dir='ltr' id='par_1_3' title="bbox 589 2769 2026 2901">
     <span class='ocr_line' id='line_1_18' title="bbox 589 2769 2026 2901; baseline 0.001 -33"><span class='ocrx_word' id='word_1_118' title='bbox 589 2776 595 2802; x_wconf 89' lang='lat'><em>&#39;</em></span> <span class='ocrx_word' id='word_1_119' title='bbox 752 2798 955 2872; x_wconf 82' lang='lat' dir='ltr'><em>torerat.</em></span> <span class='ocrx_word' id='word_1_120' title='bbox 1021 2785 1073 2869; x_wconf 88' lang='lat' dir='ltr'><em>T.</em></span> <span class='ocrx_word' id='word_1_121' title='bbox 1095 2769 1343 2901; x_wconf 74' lang='lat' dir='ltr'><em>Quiniiium</em></span> <span class='ocrx_word' id='word_1_122' title='bbox 1365 2783 1655 2867; x_wconf 82' lang='lat' dir='ltr'><em>Flamininum</em></span> <span class='ocrx_word' id='word_1_123' title='bbox 1680 2785 1787 2872; x_wconf 86' lang='lat' dir='ltr'><em>Cos.</em></span> <span class='ocrx_word' id='word_1_124' title='bbox 1811 2783 1921 2868; x_wconf 79' lang='lat' dir='ltr'><em>dicit.</em></span> <span class='ocrx_word' id='word_1_125' title='bbox 1982 2784 2026 2869; x_wconf 72' lang='lat' dir='ltr'><em>lo</em></span> 
     </span>
    </p>
   </div>
   <div class='ocr_carea' id='block_1_4' title="bbox 750 2908 2037 3662">
    <p class='ocr_par' dir='ltr' id='par_1_4' title="bbox 750 2908 2037 3662">
     <span class='ocr_line' id='line_1_19' title="bbox 752 2908 2031 3022; baseline -0.001 -24"><span class='ocrx_word' id='word_1_126' title='bbox 752 2911 1054 3022; x_wconf 85' lang='lat' dir='ltr'><em>magistratum</em></span> <span class='ocrx_word' id='word_1_127' title='bbox 1091 2913 1247 2995; x_wconf 87' lang='lat' dir='ltr'><em>inierat</em></span> <span class='ocrx_word' id='word_1_128' title='bbox 1283 2908 1415 2992; x_wconf 83' lang='lat' dir='ltr'><em>idibus</em></span> <span class='ocrx_word' id='word_1_129' title='bbox 1457 2911 1644 2996; x_wconf 85' lang='lat' dir='ltr'><em>Martiis.</em></span> <span class='ocrx_word' id='word_1_130' title='bbox 1710 2911 1803 2997; x_wconf 86' lang='lat' dir='ltr'><em>Iam</em></span> <span class='ocrx_word' id='word_1_131' title='bbox 1832 2915 1937 2998; x_wconf 86' lang='lat' dir='ltr'><em>licet</em></span> <span class='ocrx_word' id='word_1_132' title='bbox 1976 2935 2031 2997; x_wconf 87' lang='lat' dir='ltr'><em>eo</em></span> 
     </span>
     <span class='ocr_line' id='line_1_20' title="bbox 750 3033 2034 3152; baseline 0 -25"><span class='ocrx_word' id='word_1_133' title='bbox 750 3059 992 3149; x_wconf 85' lang='lat' dir='ltr'><em>tempore,</em></span> <span class='ocrx_word' id='word_1_134' title='bbox 1033 3057 1156 3123; x_wconf 82' lang='lat' dir='ltr'><em>tanta</em></span> <span class='ocrx_word' id='word_1_135' title='bbox 1189 3033 1514 3152; x_wconf 73' lang='lat' dir='ltr'><em>arpoe&#39;pnruots</em></span> <span class='ocrx_word' id='word_1_136' title='bbox 1535 3040 1636 3122; x_wconf 82' lang='lat' dir='ltr'><em>anni</em></span> <span class='ocrx_word' id='word_1_137' title='bbox 1659 3041 1871 3146; x_wconf 86' lang='lat' dir='ltr'><em>Romani,</em></span> <span class='ocrx_word' id='word_1_138' title='bbox 1901 3067 2034 3151; x_wconf 82' lang='lat' dir='ltr'><em>quun·</em></span> 
     </span>
     <span class='ocr_line' id='line_1_21' title="bbox 756 3165 2037 3282; baseline 0 -28"><span class='ocrx_word' id='word_1_139' title='bbox 756 3187 849 3254; x_wconf 87' lang='lat' dir='ltr'><em>tam</em></span> <span class='ocrx_word' id='word_1_140' title='bbox 869 3167 1083 3278; x_wconf 85' lang='lat' dir='ltr'><em>Iosephus</em></span> <span class='ocrx_word' id='word_1_141' title='bbox 1104 3167 1294 3277; x_wconf 80' lang='lat' dir='ltr'><em>Scaliger</em></span> <span class='ocrx_word' id='word_1_142' title='bbox 1315 3188 1358 3249; x_wconf 86' lang='lat' dir='ltr'><em>et</em></span> <span class='ocrx_word' id='word_1_143' title='bbox 1375 3165 1614 3277; x_wconf 79' lang='lat' dir='ltr'><em>Dionysius</em></span> <span class='ocrx_word' id='word_1_144' title='bbox 1641 3169 1839 3254; x_wconf 79' lang='lat' dir='ltr'><em>Petauius</em></span> <span class='ocrx_word' id='word_1_145' title='bbox 1865 3196 2037 3282; x_wconf 86' lang='lat' dir='ltr'><em>quoque</em></span> 
     </span>
     <span class='ocr_line' id='line_1_22' title="bbox 755 3294 2036 3407; baseline 0.002 -26"><span class='ocrx_word' id='word_1_146' title='bbox 755 3299 1021 3404; x_wconf 84' lang='lat' dir='ltr'><em>statuerunt,</em></span> <span class='ocrx_word' id='word_1_147' title='bbox 1056 3315 1104 3382; x_wconf 82' lang='lat' dir='ltr'><em>ut</em></span> <span class='ocrx_word' id='word_1_148' title='bbox 1126 3294 1347 3380; x_wconf 78' lang='lat' dir='ltr'><em>Ianuarius</em></span> <span class='ocrx_word' id='word_1_149' title='bbox 1377 3302 1634 3404; x_wconf 88' lang='lat' dir='ltr'><em>congruerit</em></span> <span class='ocrx_word' id='word_1_150' title='bbox 1661 3323 1756 3380; x_wconf 93' lang='lat' dir='ltr'><em>cum</em></span> <span class='ocrx_word' id='word_1_151' title='bbox 1790 3295 2036 3407; x_wconf 84' lang='lat' dir='ltr'><em>Septembri</em></span> 
     </span>
     <span class='ocr_line' id='line_1_23' title="bbox 754 3422 2032 3536; baseline 0.002 -24"><span class='ocrx_word' id='word_1_152' title='bbox 754 3424 956 3529; x_wconf 88' lang='lat' dir='ltr'><em>Iuliano,</em></span> <span class='ocrx_word' id='word_1_153' title='bbox 995 3423 1207 3525; x_wconf 80' lang='lat' dir='ltr'><em>nonfuit,</em></span> <span class='ocrx_word' id='word_1_154' title='bbox 1248 3429 1465 3530; x_wconf 85' lang='lat' dir='ltr'><em>expunxit</em></span> <span class='ocrx_word' id='word_1_155' title='bbox 1496 3427 1612 3508; x_wconf 85' lang='lat' dir='ltr'><em>enim</em></span> <span class='ocrx_word' id='word_1_156' title='bbox 1636 3422 1746 3508; x_wconf 85' lang='lat' dir='ltr'><em>hanc</em></span> <span class='ocrx_word' id='word_1_157' title='bbox 1768 3429 2032 3536; x_wconf 82' lang='lat' dir='ltr'><em>opinionem</em></span> 
     </span>
     <span class='ocr_line' id='line_1_24' title="bbox 757 3551 2037 3662; baseline 0.005 -22"><span class='ocrx_word' id='word_1_158' title='bbox 757 3551 1155 3642; x_wconf 83' lang='lat' dir='ltr'><em>IsmaelBulialdus</em></span> <span class='ocrx_word' id='word_1_159' title='bbox 1174 3555 1221 3637; x_wconf 89' lang='lat' dir='ltr'><em>in</em></span> <span class='ocrx_word' id='word_1_160' title='bbox 1239 3553 1422 3660; x_wconf 88' lang='lat' dir='ltr'><em>epistola</em></span> <span class='ocrx_word' id='word_1_161' title='bbox 1449 3555 1499 3636; x_wconf 85' lang='lat' dir='ltr'><em>ad</em></span> <span class='ocrx_word' id='word_1_162' title='bbox 1527 3551 1808 3642; x_wconf 89' lang='lat' dir='ltr'><em>Gronouium</em></span> <span class='ocrx_word' id='word_1_163' title='bbox 1843 3580 2037 3662; x_wconf 80' lang='lat' dir='ltr'><em>patrem:</em></span> 
     </span>
    </p>
   </div>
   <div class='ocr_carea' id='block_1_5' title="bbox 758 3679 2196 3792">
    <p class='ocr_par' dir='ltr' id='par_1_5' title="bbox 758 3679 2196 3792">
     <span class='ocr_line' id='line_1_25' title="bbox 758 3679 2196 3792; baseline 0 -26"><span class='ocrx_word' id='word_1_164' title='bbox 758 3701 911 3766; x_wconf 88' lang='lat' dir='ltr'><em>tamen</em></span> <span class='ocrx_word' id='word_1_165' title='bbox 931 3686 1054 3768; x_wconf 76' lang='lat' dir='ltr'><em>anius</em></span> <span class='ocrx_word' id='word_1_166' title='bbox 1075 3679 1230 3767; x_wconf 81' lang='lat' dir='ltr'><em>mensis</em></span> <span class='ocrx_word' id='word_1_167' title='bbox 1252 3704 1321 3762; x_wconf 88' lang='lat' dir='ltr'><em>aut</em></span> <span class='ocrx_word' id='word_1_168' title='bbox 1345 3682 1494 3790; x_wconf 88' lang='lat' dir='ltr'><em>paullo</em></span> <span class='ocrx_word' id='word_1_169' title='bbox 1525 3709 1591 3766; x_wconf 84' lang='lat' dir='ltr'><em>am</em></span> <span class='ocrx_word' id='word_1_170' title='bbox 1601 3684 1709 3792; x_wconf 88' lang='lat' dir='ltr'><em>plius</em></span> <span class='ocrx_word' id='word_1_171' title='bbox 1735 3683 2036 3770; x_wconf 88' lang='lat' dir='ltr'><em>confulionem</em></span> <span class='ocrx_word' id='word_1_172' title='bbox 2195 3709 2196 3766; x_wconf 72' lang='lat' dir='ltr'><em>i</em></span> 
     </span>
    </p>
   </div>
   <div class='ocr_carea' id='block_1_6' title="bbox 756 3811 2043 4450">
    <p class='ocr_par' dir='ltr' id='par_1_6' title="bbox 756 3811 2043 4450">
     <span class='ocr_line' id='line_1_26' title="bbox 756 3811 2038 3920; baseline 0.003 -26"><span class='ocrx_word' id='word_1_173' title='bbox 756 3811 900 3912; x_wconf 74' lang='lat' dir='ltr'><em>mille,</em></span> <span class='ocrx_word' id='word_1_174' title='bbox 938 3837 1074 3895; x_wconf 88' lang='lat' dir='ltr'><em>nemo</em></span> <span class='ocrx_word' id='word_1_175' title='bbox 1096 3835 1258 3920; x_wconf 82' lang='lat' dir='ltr'><em>negare</em></span> <span class='ocrx_word' id='word_1_176' title='bbox 1279 3811 1395 3894; x_wconf 82' lang='lat' dir='ltr'><em>ausit.</em></span> <span class='ocrx_word' id='word_1_177' title='bbox 1464 3814 1636 3902; x_wconf 84' lang='lat' dir='ltr'><em>Reuern</em></span> <span class='ocrx_word' id='word_1_178' title='bbox 1657 3815 1790 3920; x_wconf 85' lang='lat' dir='ltr'><em>igitur</em></span> <span class='ocrx_word' id='word_1_179' title='bbox 1807 3815 1937 3898; x_wconf 90' lang='lat' dir='ltr'><em>initio</em></span> <span class='ocrx_word' id='word_1_180' title='bbox 1960 3818 2038 3902; x_wconf 82' lang='lat' dir='ltr'><em>Fe·</em></span> 
     </span>
     <span class='ocr_line' id='line_1_27' title="bbox 759 3938 2038 4051; baseline 0.005 -28"><span class='ocrx_word' id='word_1_181' title='bbox 759 3938 920 4024; x_wconf 83' lang='lat' dir='ltr'><em>bruarii</em></span> <span class='ocrx_word' id='word_1_182' title='bbox 941 3941 1094 4026; x_wconf 84' lang='lat' dir='ltr'><em>loliani</em></span> <span class='ocrx_word' id='word_1_183' title='bbox 1119 3943 1327 4048; x_wconf 85' lang='lat' dir='ltr'><em>ipliusque</em></span> <span class='ocrx_word' id='word_1_184' title='bbox 1366 3941 1483 4025; x_wconf 82' lang='lat' dir='ltr'><em>vetis</em></span> <span class='ocrx_word' id='word_1_185' title='bbox 1519 3943 1573 4026; x_wconf 82' lang='lat' dir='ltr'><em>A.</em></span> <span class='ocrx_word' id='word_1_186' title='bbox 1606 3941 1891 4026; x_wconf 74' lang='lat' dir='ltr'><em>Varroniano</em></span> <span class='ocrx_word' id='word_1_187' title='bbox 1929 3953 2038 4051; x_wconf 83' lang='lat'><em>556.</em></span> 
     </span>
     <span class='ocr_line' id='line_1_28' title="bbox 761 4067 2043 4184; baseline 0.009 -36"><span class='ocrx_word' id='word_1_188' title='bbox 761 4068 1032 4152; x_wconf 79' lang='lat' dir='ltr'><em>consulatum</em></span> <span class='ocrx_word' id='word_1_189' title='bbox 1054 4073 1151 4152; x_wconf 85' lang='lat' dir='ltr'><em>iniit</em></span> <span class='ocrx_word' id='word_1_190' title='bbox 1183 4071 1235 4150; x_wconf 87' lang='lat' dir='ltr'><em>T.</em></span> <span class='ocrx_word' id='word_1_191' title='bbox 1259 4068 1493 4184; x_wconf 64' lang='lat' dir='ltr'><em>Quirinius.</em></span> <span class='ocrx_word' id='word_1_192' title='bbox 1562 4067 1699 4152; x_wconf 85' lang='lat' dir='ltr'><em>Venit</em></span> <span class='ocrx_word' id='word_1_193' title='bbox 1730 4093 1877 4156; x_wconf 84' lang='lat' dir='ltr'><em>autem</em></span> <span class='ocrx_word' id='word_1_194' title='bbox 1902 4076 2043 4162; x_wconf 87' lang='lat' dir='ltr'><em>Brun·</em></span> 
     </span>
     <span class='ocr_line' id='line_1_29' title="bbox 765 4192 2039 4304; baseline 0.008 -28"><span class='ocrx_word' id='word_1_195' title='bbox 765 4192 886 4276; x_wconf 84' lang='lat' dir='ltr'><em>dusro</em></span> <span class='ocrx_word' id='word_1_196' title='bbox 906 4220 1003 4278; x_wconf 88' lang='lat' dir='ltr'><em>cum</em></span> <span class='ocrx_word' id='word_1_197' title='bbox 1031 4197 1156 4280; x_wconf 87' lang='lat' dir='ltr'><em>claffe</em></span> <span class='ocrx_word' id='word_1_198' title='bbox 1188 4197 1230 4276; x_wconf 92' lang='lat' dir='ltr'><em>in</em></span> <span class='ocrx_word' id='word_1_199' title='bbox 1248 4197 1431 4304; x_wconf 87' lang='lat' dir='ltr'><em>Epirum</em></span> <span class='ocrx_word' id='word_1_200' title='bbox 1458 4199 1685 4302; x_wconf 82' lang='lat' dir='ltr'><em>maturius,</em></span> <span class='ocrx_word' id='word_1_201' title='bbox 1726 4221 1775 4284; x_wconf 86' lang='lat' dir='ltr'><em>tt</em></span> <span class='ocrx_word' id='word_1_202' title='bbox 1795 4201 1855 4282; x_wconf 84' lang='lat' dir='ltr'><em>ait</em></span> <span class='ocrx_word' id='word_1_203' title='bbox 1873 4203 2039 4290; x_wconf 86' lang='lat' dir='ltr'><em>Pataui·</em></span> 
     </span>
     <span class='ocr_line' id='line_1_30' title="bbox 764 4321 2041 4450; baseline 0.005 -42"><span class='ocrx_word' id='word_1_204' title='bbox 764 4348 841 4408; x_wconf 87' lang='lat' dir='ltr'><em>nus</em></span> <span class='ocrx_word' id='word_1_205' title='bbox 877 4321 954 4406; x_wconf 84' lang='lat' dir='ltr'><em>ille</em></span> <span class='ocrx_word' id='word_1_206' title='bbox 983 4347 1109 4437; x_wconf 87' lang='lat' dir='ltr'><em>pater</em></span> <span class='ocrx_word' id='word_1_207' title='bbox 1143 4323 1442 4450; x_wconf 84' lang='lat' dir='ltr'><em>historiarum,</em></span> <span class='ocrx_word' id='word_1_208' title='bbox 1481 4352 1606 4436; x_wconf 83' lang='lat' dir='ltr'><em>quam</em></span> <span class='ocrx_word' id='word_1_209' title='bbox 1647 4351 1750 4414; x_wconf 85' lang='lat' dir='ltr'><em>ante</em></span> <span class='ocrx_word' id='word_1_210' title='bbox 1789 4353 1897 4415; x_wconf 78' lang='lat' dir='ltr'><em>eum</em></span> <span class='ocrx_word' id='word_1_211' title='bbox 1930 4331 2041 4418; x_wconf 90' lang='lat' dir='ltr'><em>soliti</em></span> 
     </span>
    </p>
   </div>
   <div class='ocr_carea' id='block_1_7' title="bbox 847 4463 2045 4680">
    <p class='ocr_par' dir='ltr' id='par_1_7' title="bbox 847 4463 2045 4680">
     <span class='ocr_line' id='line_1_31' title="bbox 847 4463 2045 4680; baseline 0.005 -24"><span class='ocrx_word' id='word_1_212' title='bbox 847 4595 906 4678; x_wconf 66' lang='grc' dir='ltr'><em>ο)</em></span> <span class='ocrx_word' id='word_1_213' title='bbox 923 4593 1026 4657; x_wconf 72' lang='lat' dir='ltr'><em>uum</em></span> <span class='ocrx_word' id='word_1_214' title='bbox 1046 4595 1067 4659; x_wconf 82' lang='lat' dir='ltr'><em>u</em></span> <span class='ocrx_word' id='word_1_215' title='bbox 1088 4595 1203 4658; x_wconf 76' lang='lat' dir='ltr'><em>rutxu</em></span> <span class='ocrx_word' id='word_1_216' title='bbox 1238 4607 1266 4672; x_wconf 82' lang='grc' dir='ltr'><em>ς.</em></span> <span class='ocrx_word' id='word_1_217' title='bbox 1306 4595 1362 4680; x_wconf 57' lang='lat' dir='ltr'><em>(a)</em></span> <span class='ocrx_word' id='word_1_218' title='bbox 1380 4599 1400 4660; x_wconf 90' lang='lat'><em>1.</em></span> <span class='ocrx_word' id='word_1_219' title='bbox 1422 4597 1544 4662; x_wconf 68' lang='grc' dir='ltr'><em>κω.</em></span> <span class='ocrx_word' id='word_1_220' title='bbox 1565 4613 1612 4678; x_wconf 83' lang='lat'><em>19.</em></span> <span class='ocrx_word' id='word_1_221' title='bbox 1957 4463 2045 4545; x_wconf 78' lang='lat' dir='ltr'><em>ne.</em></span> 
     </span>
    </p>
   </div>
   <div class='ocr_carea' id='block_1_8' title="bbox 0 0 2264 6017">
    <p class='ocr_par' dir='ltr' id='par_1_8' title="bbox 0 0 2264 6017">
     <span class='ocr_line' id='line_1_32' title="bbox 0 0 2264 6017; baseline 0 0"><span class='ocrx_word' id='word_1_222' title='bbox 0 0 2264 6017; x_wconf 95' lang='lat' dir='ltr'><em> </em></span> 
     </span>
    </p>
   </div>
  </div>
 </body>
</html>
