4459 6017
110 563 115 574 ·
168 547 640 652 enumerans
674 549 762 648 ss
797 551 1006 658 susus
1041 515 1333 660 creuoarr.
1355 583 1448 670 ως

178 803 345 888 Verum
379 800 618 898 innostris
653 801 732 890 rix
773 827 909 889 vuum
957 803 1202 892 alterumue
1245 803 1457 893 succurrit

177 935 433 1046 exemplum
449 962 474 1038 ,·
500 936 618 1047 quod
640 953 698 1018 ex
717 930 1085 1020 circumferentia
1102 938 1270 1020 radices
1301 955 1455 1020 extru-

174 1060 293 1148 serit.
363 1063 527 1178 Cetera
568 1063 720 1147 omnia
758 1087 820 1148 ex.
850 1061 1051 1148 cousinio
1092 1067 1272 1150 corticis
1295 1063 1456 1145 etsub-

173 1191 356 1282 stautiae
391 1190 615 1302 lignosae‚
651 1216 707 1274 eo
751 1173 943 1302 praecise
989 1191 1180 1296 ambitu,
1225 1217 1314 1304 quo
1357 1191 1457 1300 post

175 1320 417 1412 sessionem
453 1321 598 1404 succus
632 1321 785 1432 prodit
820 1321 981 1407 ladieus
1018 1342 1063 1405 et
1097 1339 1284 1406 amarus.
1344 1323 1457 1407 For·

176 1447 293 1538 tassrs-
326 1473 496 1560 operae
532 1449 726 1560 pretium
762 1447 921 1554 suerit,
960 1449 1078 1533 idern
1118 1472 1163 1535 et
1185 1452 1230 1533 in
1252 1446 1345 1533 aliis
1377 1474 1458 1534 ex·

176 1581 319 1690 periri
353 1579 566 1664 radicibus
599 1602 660 1668 ex
690 1601 852 1672 eorum
889 1602 1085 1690 genere,
1112 1603 1239 1694 -quae
1286 1577 1459 1670 succum

176 1707 323 1798 serunt
359 1709 565 1797 dacicum.
908 1697 910 1704 ’

297 1959 337 2062 5.
374 1995 451 2078 23.
489 1965 605 2060 Illud
641 1967 790 2055 nescio
825 1961 1027 2057 ars'redie
1055 1960 1283 2075 intulerit,
1321 1991 1459 2081 quau-

176 2100 240 2184 do
277 2098 571 2214 superioribus
607 2097 753 2184 statim
794 2099 1015 2210 adiungit:

174 2218 243 2318 D'
274 2231 325 2318 oo
346 2225 381 2315 il
400 2219 457 2341 Γ
489 2217 633 2340 enuit,
667 2215 737 2343 qu’
755 2225 788 2322 il
808 2227 934 2342 snut,
973 2251 1050 2343 que
1083 2223 1127 2314 lu
1149 2240 1305 2340 urspeur
1332 2224 1462 2314 hurni-

240 2361 290 2446 de
322 2364 370 2450 de
393 2355 448 2442 la
480 2371 589 2447 terre
618 2347 818 2460 adlated'
860 2357 988 2446 abund
1029 2353 1086 2446 les
1127 2348 1348 2468 senenses,
1394 2355 1470 2477 qul

172 2598 184 2610 N
228 2483 332 2604 scrut
358 2487 457 2575 dans
490 2513 554 2576 ers
580 2488 742 2600 petites-
758 2483 916 2599 partile
953 2486 1199 2602 trosqules‚
1236 2482 1388 2601 etque
1423 2485 1468 2572 ln

244 2618 441 2726 massere,
475 2618 547 2731 qui
570 2610 717 2728 serta
755 2615 798 2702 ln
819 2611 1048 2730 formation
1078 2618 1146 2702 des
1181 2615 1364 2720 recines,
1381 2605 1430 2726 s'
1440 2641 1468 2716 y

185 2749 189 2755 ’
243 2761 481 2850 rensuum,
511 2762 621 2859 pour
651 2746 852 2857 preduire
883 2745 943 2830 les
962 2741 1159 2832 nouvelles
1178 2747 1355 2848 recines,
1394 2743 1467 2856 qui

238 2862 459 2990 paruissent
496 2873 689 2988 quelques
720 2876 840 2986 jours
874 2877 1014 2989 apros,
1052 2885 1093 2958 et
1129 2870 1201 2985 qul
1216 2895 1264 2958 en
1278 2867 1344 2976 fin
1373 2871 1472 2957 lon·

246 3015 342 3101 rent
376 2997 574 3120 naiffnnee·
604 3029 631 3086 a
661 3026 726 3086 ees
760 3001 958 3092 nouvelles
975 3002 1158 3116 plantes.
1224 3027 1228 3032 ·
1285 3032 1297 3087 f

181 3133 437 3223 Cur-unica
477 3131 528 3216 fit
567 3131 720 3242 planta
755 3131 920 3240 solum,
958 3117 1468 3217 sieuoluantu'rseusiua

181 3260 434 3375 plantarum
472 3259 712 3346 suturarum
751 3260 987 3372 segmento
1011 3262 1093 3350 illo
1121 3249 1473 3344 contentarum?

183 3395 278 3484 Cur
316 3420 407 3478 non
459 3394 636 3501 integra
692 3396 848 3500 prodit
896 3416 1048 3478 earuru
1084 3413 1293 3493 caterua,
1328 3391 1469 3500 qualis

178 3525 335 3635 prodit
370 3521 401 3606 sr
440 3522 564 3631 plura
589 3519 766 3604 'semina
803 3521 958 3631 capsae
990 3521 1089 3606 surae
1110 3517 1275 3602 inclusa-
1304 3538 1464 3602 terrae

181 3641 559 3738 committuntur?
600 3647 709 3738 Sunt
750 3672 810 3732 ne·
845 3672 1016 3735 matuta
1053 3649 1101 3732 iu
1135 3647 1239 3759 ipsis
1257 3645 1474 3732 radicibus

178 3783 348 3866 semina
382 3781 618 3867 suturarum
658 3777 940 3890 plantarum,
974 3803 1031 3864 au
1065 3776 1179 3863 solus
1216 3776 1473 3861 immaturi··
1563 3867 1566 3871 ,

181 3928 329 3998 satem
361 3908 537 4024 supplet
570 3913 701 3996 locus·
732 3927 782 3994 et
813 3909 962 4026 succus¹
993 3896 1342 4022 praeparatior}
1492 3939 1500 4010 g

53 4279 54 4288 Ν
302 4155 340 4259 9.
386 4195 461 4278 24.
502 4171 675 4258 Annon·
709 4167 863 4284 potius
896 4167 1051 4256 sufficit
1093 4163 1189 4255 uiso
1223 4163 1344 4252 huic
1389 4188 1474 4254 ex-

180 4295 398 4412 piicando
432 4296 525 4385 sola
542 4301 778 4386 strusturae
796 4325 876 4412 per
899 4301 1125 4410 integram
1155 4297 1357 4383 radicem«
1381 4293 1468 4380 ho»

177 4429 487 4536 mogeneitas,
526 4454 608 4542 qua
629 4425 704 4532 fit,
741 4447 794 4515 vt
811 4430 1162 4542 unumquodque
1185 4427 1470 4537 segmenturru

177 4557 316 4648 alteri
346 4559 580 4674 segmento
590 4613 608 4674 „
639 4556 803 4684 ipssque
842 4557 959 4646 adeo
993 4559 1134 4648 radici
1166 4559 1264 4650 tuti
1299 4554 1470 4641 homo

754 4684 892 4798 Ddeu
1003 4721 1005 4726 ·
1313 4680 1476 4798 iugum
1522 4796 1528 4809 Ι
