4459 6017
609 547 1008 649 tttrsrarrr.
1108 545 1115 555 ’
1193 551 1206 584 ‘
1375 583 1472 674 402

200 795 239 888 is
271 760 359 884 asto
395 811 444 882 et
480 790 734 880 eeleritate.
759 795 928 880 summa
971 819 1118 883 arcem
1161 794 1479 884 Messeniorum

204 923 514 1037 occupauerit‚
551 922 770 1008 Pausanias
805 943 969 1008 narrat.
988 925 1071 1034 (9)
1124 924 1176 1012 id
1214 929 1381 1014 necesse
1403 928 1479 1031 est,

198 1043 435 1162 contigisse
471 1072 684 1159 tempore
702 1050 876 1160 aliquo,
911 1075 1000 1160 quo
1037 1055 1232 1166 nauigari
1267 1058 1485 1163 potuerit,
1623 1139 1625 1146 ,

206 1205 287 1265 nec
307 1203 458 1266 tamen
494 1176 632 1260 adhuc
667 1175 876 1264 obsessum
911 1202 936 1260 a
957 1180 1174 1266 Romanis
1194 1180 1323 1268 suerit
1346 1207 1483 1266 mare.

201 1313 309 1396 Pota
345 1333 418 1394 me
459 1307 604 1391 dicere
639 1303 709 1390 sub
746 1311 803 1394 A.
841 1305 899 1391 V.
937 1306 986 1394 C·
1025 1329 1117 1414 541
1174 1333 1343 1394 terem.
1409 1311 1486 1396 His

179 1457 352 1550 'autem
388 1436 512 1521 rebus
547 1432 675 1542 gestis
715 1431 969 1545 Philippum
1013 1459 1167 1543 regem
1219 1436 1358 1548 ipsum
1410 1439 1486 1519 ad·

204 1561 324 1650 foisse
358 1564 414 1646 ad
449 1563 783 1665 Messeaam‚·e
827 1559 998 1673 Polybii
1031 1565 1265 1672 excerptis
1312 1585 1485 1667 teneo,

198 1698 304 1796 (to)
341 1691 503 1795 eodem
541 1715 715 1800 quoqne
751 1690 913 1777 venisse
950 1693 1136 1778 Aratum
1158 1716 1257 1775 curn
1274 1694 1415 1781 Arato
1437 1691 1524 1782 fi-,

201 1821 282 1904 iio.
347 1819 406 1903 Et
442 1817 521 1902 suit
557 1820 719 1902 Aratus
754 1844 812 1902 eo
846 1838 1059 1928 ternpore
1094 1841 1293 1927 praetor.
1369 1821 1488 1908 Nom

202 1945 453 2034 Plutarchus
470 1938 542 2051 sd)
578 1945 744 2050 scribit,
793 1947 1031 2034 Messenios
1071 1947 1354 2032 seditionibus
1394 1948 1485 2056 agi·

205 2097 347 2175 tator,
386 2097 484 2155 cont
532 2075 799 2182 magisttatus
843 2096 867 2155 a
911 2075 1193 2160 multitudine
1248 2073 1489 2162 diffideret:

199 2200 220 2287 d
262 2191 673 2315 ativApeiog-dae‘pta
708 2196 895 2301 donSo‘ir,
927 2197 945 2282 ὁ
979 2196 1027 2284 δὲ
1070 2194 1306 2308 Φίλιππος,
1351 2198 1492 2317 ἡμέρᾳ

205 2329 284 2444 μιᾷ
320 2327 516 2438 πρότερον
545 2320 685 2411 taeda
716 2319 765 2424 ἀς
796 2321 875 2423 τὴν
894 2322 1052 2430 πόλιν,
1085 2355 1178 2412 non
1212 2329 1352 2412 modo
1385 2330 1490 2415 aluit

204 2458 496 2556 seditionem,
534 2449 779 2536 sedetiam
817 2454 965 2553 auxit,
1002 2472 1055 2538 tt
1089 2476 1289 2566 apertam
1329 2460 1487 2541 intim

204 2571 483 2694 erimperetr
517 2636 521 2644 ·
550 2577 597 2666 Si
620 2584 783 2668 Aratus
816 2563 1004 2695 ἐβοῆἓᾳ,
1042 2593 1227 2690 praetor
1247 2579 1343 2665 suit.
1371 2587 1491 2669 Haec

201 2715 340 2824 igitur
377 2709 437 2793 est
472 2708 641 2793 decima
659 2707 780 2794 sexta
798 2711 924 2795 Arati
945 2732 1166 2818 praetura.
1234 2715 1371 2796 Anno
1394 2713 1491 2821 post

204 2847 276 2926 'tes
308 2840 355 2924 in
388 2835 702 2945 Peloponneso
737 2834 964 2948 Philippus
997 2836 1120 2947 gesiit
1143 2837 1301 2922 nullas:
1341 2840 1490 2922 inimi·

207 2969 337 3052 nebat
372 2965 492 3050 enim
521 2963 816 3052 Macedoniae
852 2965 915 3053 M.
944 2965 1144 3052 Valerios
1178 2986 1361 3077 praetor
1392 2993 1489 3052 cum

207 3094 350 3185 classe.
394 3091 531 3210 ⁴Quid
569 3092 704 3202 igitur
739 3085 948 3179 tandem?
992 3120 1079 3205 quo
1129 3121 1246 3179 anno
1296 3097 1490 3178 dicemus

205 3229 397 3310 Aratum
431 3239 688 3330 praetorem
724 3216 1045 3310 xvl1.fnffe3
1080 3225 1135 3311 Α.
1157 3224 1211 3308 V.
1226 3224 1279 3312 C.
1304 3249 1411 3332 542.
1436 3251 1491 3308 art

206 3357 263 3438 A.
289 3354 346 3437 V.
367 3350 419 3438 C·
444 3373 560 3454 543.
597 3349 874 3448 casaubonus
907 3373 1156 3436 extremam
1196 3355 1325 3437 Arati
1364 3378 1491 3461 prae-
1590 3429 1595 3440 .

208 3501 352 3564 turam
394 3477 537 3586 posuit
573 3477 850 3589 Olympiadis
884 3478 1039 3568 CXLI.
1069 3507 1110 3562 a.
1146 3485 1201 3566 Α.
1223 3479 1352 3569 V.C.
1378 3509 1491 3588 539.

206 3609 327 3718 qood
363 3629 464 3688 enm
496 3606 547 3688 iis
583 3605 872 3710 testimoniis,
909 3631 1017 3720 quae
1055 3609 1272 3717 produxi,
1308 3631 1489 3717 pttgnat.

208 3737 324 3826 Cum
365 3737 498 3845 optio
539 3739 800 3822 alterutrius,
823 3736 925 3820 anai
962 3737 1087 3820 nobis
1125 3736 1185 3821 est
1222 3736 1393 3838 relidit,
1425 3741 1493 3820 ni-

207 3864 273 3950 hil·
294 3857 494 3950 aliod'ad
529 3862 828 3972 suspicandum
865 3864 920 3949 de
955 3889 1071 3949 tero
1107 3888 1228 3950 anno
1263 3867 1489 3969 occurrit,

203 4018 338 4104 quam
375 3994 540 4076 veneni
574 3989 688 4076 lenti
720 3993 910 4079 mentio.
974 3991 1178 4082 Diatessit
1215 4017 1239 4080 a
1275 4019 1380 4104 rege
1407 3989 1492 4077 ho-

210 4120 321 4204 stilia
353 4120 503 4202 omnia
540 4139 741 4202 metuens
773 4121 948 4224 abeo,
983 4127 1055 4233 qui
1092 4125 1295 4230 priuatim
1336 4125 1490 4208 indo·

210 4272 332 4331 mum
366 4249 480 4329 snam
518 4244 784 4354 deliquerat,
822 4247 995 4357 publice
1033 4250 1271 4337 Messenios
1309 4251 1492 4362 adflige-
1556 4241 1557 4246 '

209 4377 307 4477 bat,
347 4372 534 4460 Achaeis
571 4372 761 4458 insidiari
796 4377 1045 4484 videbatur,
1081 4379 1197 4467 nuila
1233 4379 1342 4484 fide,
1368 4378 1493 4462 nullo

418 4523 422 4530 ⁴
778 4503 912 4591 ΠΜ
1124 4517 1162 4526 ”
1217 4523 1222 4588 ζ
1414 4506 1490 4586 be·

1124 4615 1492 4646 anu-auun-
