4459 6017
398 605 640 712 aarum
674 603 1148 709 acaruacamu.
1345 657 1436 738 Μ

158 867 274 970 664.
314 853 559 970 periegeiin
597 853 717 942 illam
755 857 1000 944 Nicomedi
1038 858 1226 949 Chresto
1255 864 1349 976 regi
1370 867 1446 954 135.

157 989 364 1100 thyniae,
400 984 674 1074 Mithridatis
711 983 865 1068 clienti
902 986 1181 1092 dedicatam,
1220 992 1273 1075 ad
1315 1021 1446 1103 quam

155 1117 263 1203 haec
301 1113 547 1224 fragmenta
585 1113 748 1197 refero.
818 1113 960 1220 Igitur
999 1116 1443 1228 cumaMithridate,

157 1249 324 1356 aliquot
360 1245 481 1328 annis
501 1260 621 1344 ante,
658 1237 943 1324 constitutum
984 1240 1088 1325 effer
1134 1269 1317 1355 regnum
1354 1251 1448 1338 130.

155 1375 419 1486 sporanum,
457 1369 570 1456 hunc
606 1367 801 1452 nominis
818 1367 1053 1458 honorem
1077 1379 1361 1459 coniecutum
1385 1379 1447 1464 est

154 1504 506 1607 Panticapaeum.
539 1489 611 1602 (ii)
674 1495 864 1581 Historia
903 1495 1119 1584 Misceiia:
1147 1505 1217 1606 (2)
1254 1495 1444 1587 Mithri.

126 1610 268 1714 ¹dates
293 1641 418 1713 totum
456 1620 663 1730 Ponticum
701 1647 812 1708 mare
848 1624 887 1705 in
921 1619 1099 1707 circuitu
1146 1652 1232 1712 cum
1267 1628 1446 1742 Bosporo

154 1755 328 1842 tenebat.
395 1749 481 1842 Sed
516 1753 630 1837 vltra
667 1751 911 1839 Carcinitin
948 1751 1083 1844 finum
1120 1775 1166 1836 et
1204 1756 1445 1864 Borysthe.

158 1910 260 1968 nem
298 1879 409 1966 nihil
446 1881 627 1965 tenuiffe
662 1881 850 1965 uidetur.
920 1880 993 1966 Ad
1027 1905 1173 1964 curam
1206 1883 1444 1972 Mithrida·

155 2015 211 2097 tis
250 2012 302 2098 de
340 2009 542 2093 ornando
575 2010 872 2118 Panticapaeo
909 2006 1090 2109 refero,
1127 2013 1248 2119 quod
1285 2016 1444 2102 Plinius

153 2141 320 2226 {cribitz
353 2141 424 2243 (3)
459 2141 577 2221 circa
599 2134 821 2246 Bosporum
842 2131 1094 2222 Cimmerium
1117 2139 1157 2219 in
1176 2128 1447 2256 'Panticapaeo
1583 2173 1593 2184 ·

154 2265 258 2351 urbe
270 2323 282 2370 ,
325 2267 430 2350 omiti
467 2265 578 2346 ruodo
612 2265 814 2352 laborauit
839 2255 1120 2350 Mithridates
1144 2289 1224 2349 rex
1250 2283 1292 2350 et
1317 2276 1446 2357 ceteri

154 2393 321 2495 incolae,
346 2389 552 2504 sacrorum
580 2406 692 2476 certe
717 2386 862 2505 cauffia,
905 2391 1063 2476 laurum
1081 2407 1335 2507 myrtumque
1365 2393 1442 2484 ha·

153 2525 268 2610 bere:
304 2545 376 2604 non
408 2523 596 2632 contigit.
661 2517 888 2604 Pertenuis
920 2519 1053 2626 igitur
1084 2517 1192 2602 haec
1221 2528 1443 2614 memoria

158 2650 218 2736 est
257 2677 277 2734 a
299 2647 520 2738 Strabone
541 2647 824 2752 conseruata,
865 2667 1111 2732 ceterarum
1135 2647 1279 2734 rerum
1303 2652 1440 2762 nulla,

59 2839 67 2846 -
156 2779 235 2864 nifi
270 2780 390 2894 quod
430 2779 480 2861 ad
521 2779 792 2865 Ctenuntem
840 2796 1042 2859 extrema
1090 2775 1274 2859 tentasse
1317 2782 1443 2866 inue-

156 2911 236 2993 nio
276 2904 481 3016 Scythas,
523 2904 573 2988 ab
608 2931 656 2988 ea
694 2917 852 2987 autem·
880 2904 984 2986 vrbe
1022 2903 1342 3012 depulsostota
1364 2913 1440 2992 de·

156 3039 287 3146 nique
326 3032 643 3121 Cherthoneso
679 3027 849 3115 ceihss'e.
879 3037 947 3149 (4)
1012 3031 1241 3120 Tributum
1281 3038 1442 3121 deinde

157 3164 433 3274 Bosporani,
471 3165 514 3245 in
548 3186 636 3273 quo
672 3159 855 3242 nomine
895 3161 981 3243 iam
1022 3183 1179 3244 omnes
1209 3160 1443 3252 *etGraec'i

157 3314 202 3375 et
224 3289 429 3401 Scythae,
452 3294 523 3400 qui
545 3285 902 3379 Cherrhonesum
934 3286 1173 3394 tenebant,
1211 3293 1446 3379 censeban-

154 3443 248 3526 tur,
285 3419 539 3507 Mithridati
578 3415 886 3527 pependerunt
918 3415 961 3497 in
982 3417 1171 3523 singulos
1191 3442 1331 3502 annos
1350 3419 1440 3503 fru-

157 3551 299 3634 menti
337 3549 589 3632 medimnos
625 3545 677 3628 ad
716 3563 892 3625 centum
927 3565 975 3626 et
1012 3545 1243 3653 odiogitita
1279 3545 1435 3657 millite,

156 3678 329 3787 argenti
367 3678 553 3763 ducenta
593 3674 775 3794 tplenta.
797 3675 866 3776 (5)

206 3977 209 3984 Δ
273 3933 493 4034 Romani,
532 3932 671 4042 inquit
710 3927 1049 4034 Memnon,(6)
1103 3951 1200 4012 cum
1252 3928 1439 4042 suspecta

153 4059 368 4146 haberent
408 4059 682 4144 Mithridatis
726 4056 927 4164 confilia,
980 4057 1067 4158 τοῖς
1106 4053 1437 4146 inauditam·
1511 4113 1514 4121 ·

150 4186 290 4278 λεῧσιν
310 4177 585 4294 ἐψηφίσανἹο
623 4176 697 4285 τὸς
737 4177 921 4296 παἹρώας
958 4179 1077 4275 uivida
1102 4176 1248 4303 ἀρχὰς
1272 4187 1436 4274 dinanu-
1587 4303 1592 4308 ¹

154 4315 271 4404 Tam.
309 4312 364 4402 V.
751 4309 810 4395 Ss
1282 4312 1439 4418 ταιθῆ-

236 4538 297 4618 ‘()
320 4539 397 4616 Qut
412 4541 559 4598 vrbtnunc
600 4514 714 4626 05¹3&
747 4531 898 4592 Gbierscu
921 4533 966 4592 seu
986 4535 1179 4594 Khierschet
1196 4531 1440 4595 Kertcbdicinn.

154 4618 213 4698 (a)
237 4639 264 4698 p.
283 4640 330 4699 34.
356 4621 398 4688 ed.
421 4620 583 4686 Muratorii.
625 4597 902 4698 (3)].XV1.c.32.
939 4615 1228 4698 (ostrebopard.
1271 4616 1436 4696 (Di-²⁸5·

154 4701 212 4782 (⁶)
232 4703 352 4766 Photius
373 4723 401 4785 r·
423 4706 492 4785 ari·
1256 4773 1269 4782 ,
