<?xml version="1.0" encoding="UTF-8"?>
<!DOCTYPE html PUBLIC "-//W3C//DTD XHTML 1.0 Transitional//EN"
    "http://www.w3.org/TR/xhtml1/DTD/xhtml1-transitional.dtd">
<html xmlns="http://www.w3.org/1999/xhtml" xml:lang="en" lang="en">
 <head>
  <title>
</title>
<meta http-equiv="Content-Type" content="text/html;charset=utf-8" />
  <meta name='ocr-system' content='tesseract 3.04.00' />
  <meta name='ocr-capabilities' content='ocr_page ocr_carea ocr_par ocr_line ocrx_word'/>
</head>
<body>
  <div class='ocr_page' id='page_1' title='image "./commentariiacad03sssrgoog_0287.png"; bbox 0 0 4459 6017; ppageno 0'>
   <div class='ocr_carea' id='block_1_1' title="bbox 279 559 1404 738">
    <p class='ocr_par' dir='ltr' id='par_1_1' title="bbox 279 559 1404 738">
     <span class='ocr_line' id='line_1_1' title="bbox 279 559 1404 738; baseline 0.003 -29"><span class='ocrx_word' id='word_1_1' title='bbox 279 559 892 716; x_wconf 74' lang='lat' dir='ltr'>carnarumrrrrc&#39;rs</span> <span class='ocrx_word' id='word_1_2' title='bbox 920 610 1184 715; x_wconf 70' lang='lat' dir='ltr'>ostreae</span> <span class='ocrx_word' id='word_1_3' title='bbox 1229 610 1264 726; x_wconf 66' lang='grc' dir='ltr'>ἴ</span> <span class='ocrx_word' id='word_1_4' title='bbox 1307 652 1404 738; x_wconf 75' lang='lat'>249</span> 
     </span>
    </p>
   </div>
   <div class='ocr_carea' id='block_1_2' title="bbox 66 844 1519 4740">
    <p class='ocr_par' dir='ltr' id='par_1_2' title="bbox 66 844 1519 4740">
     <span class='ocr_line' id='line_1_2' title="bbox 129 844 1423 975; baseline 0 -25"><span class='ocrx_word' id='word_1_5' title='bbox 129 859 366 950; x_wconf 86' lang='lat' dir='ltr'>tinebimus</span> <span class='ocrx_word' id='word_1_6' title='bbox 404 855 669 945; x_wconf 78' lang='lat' dir='ltr'>methodum</span> <span class='ocrx_word' id='word_1_7' title='bbox 706 879 934 966; x_wconf 84' lang='lat' dir='ltr'>ueterum,</span> <span class='ocrx_word' id='word_1_8' title='bbox 979 863 1055 974; x_wconf 87' lang='lat' dir='ltr'>qui</span> <span class='ocrx_word' id='word_1_9' title='bbox 1092 875 1146 946; x_wconf 66' lang='lat' dir='ltr'>ea·</span> <span class='ocrx_word' id='word_1_10' title='bbox 1189 844 1423 975; x_wconf 81' lang='lat' dir='ltr'>primum,</span> 
     </span>
     <span class='ocr_line' id='line_1_3' title="bbox 127 993 1416 1095; baseline 0 -15"><span class='ocrx_word' id='word_1_11' title='bbox 127 993 386 1095; x_wconf 83' lang='lat' dir='ltr'>secundum,</span> <span class='ocrx_word' id='word_1_12' title='bbox 421 993 608 1076; x_wconf 89' lang='lat' dir='ltr'>terti-um</span> <span class='ocrx_word' id='word_1_13' title='bbox 644 1011 732 1076; x_wconf 74' lang='lat' dir='ltr'>etc,</span> <span class='ocrx_word' id='word_1_14' title='bbox 772 996 974 1079; x_wconf 68' lang='lat' dir='ltr'>octauum</span> <span class='ocrx_word' id='word_1_15' title='bbox 1017 993 1245 1080; x_wconf 84' lang='lat' dir='ltr'>dixerunt.</span> <span class='ocrx_word' id='word_1_16' title='bbox 1305 996 1416 1083; x_wconf 88' lang='lat' dir='ltr'>Dis·</span> 
     </span>
     <span class='ocr_line' id='line_1_4' title="bbox 128 1120 1433 1237; baseline -0.006 -29"><span class='ocrx_word' id='word_1_17' title='bbox 128 1121 363 1237; x_wconf 84' lang='lat' dir='ltr'>pescantur</span> <span class='ocrx_word' id='word_1_18' title='bbox 399 1122 444 1204; x_wconf 87' lang='lat' dir='ltr'>in</span> <span class='ocrx_word' id='word_1_19' title='bbox 476 1120 588 1204; x_wconf 88' lang='lat' dir='ltr'>duos</span> <span class='ocrx_word' id='word_1_20' title='bbox 624 1123 835 1224; x_wconf 79' lang='lat' dir='ltr'>ordines,</span> <span class='ocrx_word' id='word_1_21' title='bbox 874 1123 1147 1232; x_wconf 87' lang='lat' dir='ltr'>superiorem</span> <span class='ocrx_word' id='word_1_22' title='bbox 1187 1145 1232 1209; x_wconf 88' lang='lat' dir='ltr'>et</span> <span class='ocrx_word' id='word_1_23' title='bbox 1263 1123 1433 1210; x_wconf 68' lang='lat' dir='ltr'>inferi·v</span> 
     </span>
     <span class='ocr_line' id='line_1_5' title="bbox 128 1249 1419 1366; baseline -0.001 -27"><span class='ocrx_word' id='word_1_24' title='bbox 128 1281 290 1357; x_wconf 83' lang='lat' dir='ltr'>orem,</span> <span class='ocrx_word' id='word_1_25' title='bbox 348 1249 497 1366; x_wconf 86' lang='lat' dir='ltr'>quise</span> <span class='ocrx_word' id='word_1_26' title='bbox 535 1271 692 1332; x_wconf 85' lang='lat' dir='ltr'>mutuo</span> <span class='ocrx_word' id='word_1_27' title='bbox 738 1255 954 1362; x_wconf 87' lang='lat' dir='ltr'>recipiunt</span> <span class='ocrx_word' id='word_1_28' title='bbox 1005 1254 1318 1337; x_wconf 87' lang='lat' dir='ltr'>articulatione</span> <span class='ocrx_word' id='word_1_29' title='bbox 1365 1253 1419 1339; x_wconf 86' lang='lat' dir='ltr'>ad</span> 
     </span>
     <span class='ocr_line' id='line_1_6' title="bbox 127 1381 1421 1501; baseline -0.002 -31"><span class='ocrx_word' id='word_1_30' title='bbox 127 1381 414 1470; x_wconf 87' lang='lat' dir='ltr'>euarthtosrn</span> <span class='ocrx_word' id='word_1_31' title='bbox 448 1403 575 1490; x_wconf 90' lang='lat' dir='ltr'>quam</span> <span class='ocrx_word' id='word_1_32' title='bbox 624 1384 835 1487; x_wconf 84' lang='lat' dir='ltr'>proxime</span> <span class='ocrx_word' id='word_1_33' title='bbox 868 1381 1127 1464; x_wconf 77' lang='lat' dir='ltr'><strong>accedente.</strong></span> <span class='ocrx_word' id='word_1_34' title='bbox 1189 1385 1421 1501; x_wconf 75' lang='lat' dir='ltr'>Quaterna</span> 
     </span>
     <span class='ocr_line' id='line_1_7' title="bbox 66 1500 1422 1623; baseline -0.003 -23"><span class='ocrx_word' id='word_1_35' title='bbox 66 1588 70 1623; x_wconf 63' lang='lat'>,</span> <span class='ocrx_word' id='word_1_36' title='bbox 126 1517 340 1602; x_wconf 88' lang='lat' dir='ltr'>ordinem</span> <span class='ocrx_word' id='word_1_37' title='bbox 380 1507 639 1596; x_wconf 82' lang='lat' dir='ltr'>conficiunt.</span> <span class='ocrx_word' id='word_1_38' title='bbox 708 1503 893 1595; x_wconf 81' lang='lat' dir='ltr'>Primum</span> <span class='ocrx_word' id='word_1_39' title='bbox 932 1529 976 1592; x_wconf 93' lang='lat' dir='ltr'>et</span> <span class='ocrx_word' id='word_1_40' title='bbox 1005 1500 1213 1617; x_wconf 73' lang='lat' dir='ltr'>secundm</span> <span class='ocrx_word' id='word_1_41' title='bbox 1248 1515 1422 1596; x_wconf 73' lang='lat' dir='ltr'>ordinis</span> 
     </span>
     <span class='ocr_line' id='line_1_8' title="bbox 69 1636 1417 1755; baseline -0.006 -23"><span class='ocrx_word' id='word_1_42' title='bbox 69 1650 72 1663; x_wconf 63' lang='lat'>¹</span> <span class='ocrx_word' id='word_1_43' title='bbox 123 1639 391 1755; x_wconf 82' lang='lat' dir='ltr'>superioris,</span> <span class='ocrx_word' id='word_1_44' title='bbox 427 1639 500 1723; x_wconf 84' lang='lat' dir='ltr'>ubi</span> <span class='ocrx_word' id='word_1_45' title='bbox 535 1661 637 1720; x_wconf 85' lang='lat' dir='ltr'>eum</span> <span class='ocrx_word' id='word_1_46' title='bbox 677 1639 804 1722; x_wconf 91' lang='lat' dir='ltr'>radio</span> <span class='ocrx_word' id='word_1_47' title='bbox 836 1636 1109 1743; x_wconf 82' lang='lat' dir='ltr'>cohaerent,</span> <span class='ocrx_word' id='word_1_48' title='bbox 1144 1637 1268 1752; x_wconf 75' lang='lat' dir='ltr'>gilla</span> <span class='ocrx_word' id='word_1_49' title='bbox 1293 1647 1417 1746; x_wconf 91' lang='lat' dir='ltr'>lunt,</span> 
     </span>
     <span class='ocr_line' id='line_1_9' title="bbox 67 1757 1423 1884; baseline 0.001 -28"><span class='ocrx_word' id='word_1_50' title='bbox 67 1757 69 1765; x_wconf 53' lang='lat'><em>&#39;</em></span> <span class='ocrx_word' id='word_1_51' title='bbox 123 1795 176 1858; x_wconf 91' lang='lat' dir='ltr'>et</span> <span class='ocrx_word' id='word_1_52' title='bbox 214 1797 291 1884; x_wconf 91' lang='lat' dir='ltr'>per</span> <span class='ocrx_word' id='word_1_53' title='bbox 316 1769 598 1880; x_wconf 74' lang='lat' dir='ltr'>,giuglymum</span> <span class='ocrx_word' id='word_1_54' title='bbox 637 1791 735 1852; x_wconf 88' lang='lat' dir='ltr'>cum</span> <span class='ocrx_word' id='word_1_55' title='bbox 773 1769 855 1854; x_wconf 91' lang='lat' dir='ltr'>illo</span> <span class='ocrx_word' id='word_1_56' title='bbox 888 1767 1194 1858; x_wconf 87' lang='lat' dir='ltr'>articulantnr:</span> <span class='ocrx_word' id='word_1_57' title='bbox 1231 1764 1423 1858; x_wconf 82' lang='lat' dir='ltr'>Tertium</span> 
     </span>
     <span class='ocr_line' id='line_1_10' title="bbox 69 1890 1419 2014; baseline 0 -26"><span class='ocrx_word' id='word_1_58' title='bbox 69 1890 82 1992; x_wconf 60' lang='lat'>¹3</span> <span class='ocrx_word' id='word_1_59' title='bbox 124 1901 323 1989; x_wconf 90' lang='lat' dir='ltr'>secundo</span> <span class='ocrx_word' id='word_1_60' title='bbox 361 1897 643 2010; x_wconf 88' lang='lat' dir='ltr'>applantatur</span> <span class='ocrx_word' id='word_1_61' title='bbox 682 1897 736 1980; x_wconf 88' lang='lat' dir='ltr'>ad</span> <span class='ocrx_word' id='word_1_62' title='bbox 771 1899 882 1988; x_wconf 80' lang='lat' dir='ltr'>latus</span> <span class='ocrx_word' id='word_1_63' title='bbox 918 1925 941 1982; x_wconf 87' lang='lat' dir='ltr'>a</span> <span class='ocrx_word' id='word_1_64' title='bbox 983 1923 1185 2009; x_wconf 85' lang='lat' dir='ltr'>corpore</span> <span class='ocrx_word' id='word_1_65' title='bbox 1219 1895 1419 2014; x_wconf 70' lang='lat' dir='ltr'>artensem:</span> 
     </span>
     <span class='ocr_line' id='line_1_11' title="bbox 119 2019 1422 2154; baseline -0.004 -36.12"><span class='ocrx_word' id='word_1_66' title='bbox 119 2027 340 2154; x_wconf 69' lang='lat' dir='ltr'>Quartum</span> <span class='ocrx_word' id='word_1_67' title='bbox 361 2019 597 2140; x_wconf 74' lang='lat' dir='ltr'>solitariam</span> <span class='ocrx_word' id='word_1_68' title='bbox 632 2051 729 2110; x_wconf 87' lang='lat' dir='ltr'>cum</span> <span class='ocrx_word' id='word_1_69' title='bbox 769 2031 909 2114; x_wconf 88' lang='lat' dir='ltr'>tertio</span> <span class='ocrx_word' id='word_1_70' title='bbox 946 2029 1216 2115; x_wconf 77' lang='lat' dir='ltr'><strong>articulatur.</strong></span> <span class='ocrx_word' id='word_1_71' title='bbox 1258 2035 1422 2145; x_wconf 85' lang='lat' dir='ltr'>Neque</span> 
     </span>
     <span class='ocr_line' id='line_1_12' title="bbox 130 2157 1419 2273; baseline 0 -25"><span class='ocrx_word' id='word_1_72' title='bbox 130 2165 275 2248; x_wconf 88' lang='lat' dir='ltr'>minus</span> <span class='ocrx_word' id='word_1_73' title='bbox 315 2161 590 2268; x_wconf 78' lang='lat' dir='ltr'>primum,et</span> <span class='ocrx_word' id='word_1_74' title='bbox 629 2157 861 2242; x_wconf 88' lang='lat' dir='ltr'>secundum</span> <span class='ocrx_word' id='word_1_75' title='bbox 897 2157 1145 2245; x_wconf 83' lang='lat' dir='ltr'>conficiunt</span> <span class='ocrx_word' id='word_1_76' title='bbox 1176 2187 1236 2247; x_wconf 86' lang='lat' dir='ltr'>ex</span> <span class='ocrx_word' id='word_1_77' title='bbox 1262 2187 1419 2273; x_wconf 91' lang='lat' dir='ltr'>oppo-</span> 
     </span>
     <span class='ocr_line' id='line_1_13' title="bbox 124 2287 1419 2402; baseline -0.002 -24"><span class='ocrx_word' id='word_1_78' title='bbox 124 2293 218 2378; x_wconf 77' lang='lat' dir='ltr'>nto</span> <span class='ocrx_word' id='word_1_79' title='bbox 252 2290 396 2374; x_wconf 86' lang='lat' dir='ltr'>latere</span> <span class='ocrx_word' id='word_1_80' title='bbox 427 2287 670 2372; x_wconf 87' lang='lat' dir='ltr'>cauitatem</span> <span class='ocrx_word' id='word_1_81' title='bbox 692 2311 921 2374; x_wconf 81' lang='lat' dir='ltr'>communem</span> <span class='ocrx_word' id='word_1_82' title='bbox 941 2287 1209 2398; x_wconf 78' lang='lat' dir='ltr'>profundam</span> <span class='ocrx_word' id='word_1_83' title='bbox 1239 2317 1326 2402; x_wconf 89' lang='lat' dir='ltr'>pro</span> <span class='ocrx_word' id='word_1_84' title='bbox 1348 2315 1419 2375; x_wconf 82' lang='lat' dir='ltr'>re·</span> 
     </span>
     <span class='ocr_line' id='line_1_14' title="bbox 122 2413 1421 2535; baseline -0.002 -28"><span class='ocrx_word' id='word_1_85' title='bbox 122 2421 344 2535; x_wconf 81' lang='lat' dir='ltr'>ceptione</span> <span class='ocrx_word' id='word_1_86' title='bbox 379 2415 534 2501; x_wconf 80' lang='lat' dir='ltr'>ollium</span> <span class='ocrx_word' id='word_1_87' title='bbox 572 2415 745 2500; x_wconf 86' lang='lat' dir='ltr'>ordinis</span> <span class='ocrx_word' id='word_1_88' title='bbox 787 2413 1266 2526; x_wconf 65' lang='lat' dir='ltr'>inferioris3‘Tertinm</span> <span class='ocrx_word' id='word_1_89' title='bbox 1302 2424 1421 2506; x_wconf 59' lang='lat' dir='ltr'>caruin</span> 
     </span>
     <span class='ocr_line' id='line_1_15' title="bbox 123 2545 1420 2659; baseline -0.003 -21"><span class='ocrx_word' id='word_1_90' title='bbox 123 2573 277 2638; x_wconf 83' lang='lat' dir='ltr'>tatem</span> <span class='ocrx_word' id='word_1_91' title='bbox 314 2546 434 2632; x_wconf 92' lang='lat' dir='ltr'>illam</span> <span class='ocrx_word' id='word_1_92' title='bbox 465 2545 649 2659; x_wconf 79' lang='lat' dir='ltr'>complet.</span> <span class='ocrx_word' id='word_1_93' title='bbox 715 2547 1028 2634; x_wconf 79' lang='lat' dir='ltr'>immittuntur</span> <span class='ocrx_word' id='word_1_94' title='bbox 1062 2565 1212 2632; x_wconf 88' lang='lat' dir='ltr'>autem</span> <span class='ocrx_word' id='word_1_95' title='bbox 1250 2549 1420 2634; x_wconf 86' lang='lat' dir='ltr'>inean-</span> 
     </span>
     <span class='ocr_line' id='line_1_16' title="bbox 123 2667 1423 2791; baseline -0.002 -25"><span class='ocrx_word' id='word_1_96' title='bbox 123 2684 235 2766; x_wconf 88' lang='lat' dir='ltr'>dem</span> <span class='ocrx_word' id='word_1_97' title='bbox 275 2703 341 2790; x_wconf 38' lang='lat' dir='ltr'>ex,</span> <span class='ocrx_word' id='word_1_98' title='bbox 368 2680 526 2762; x_wconf 81' lang='lat' dir='ltr'>ordine</span> <span class='ocrx_word' id='word_1_99' title='bbox 577 2672 817 2780; x_wconf 85' lang='lat' dir='ltr'>inferiore,</span> <span class='ocrx_word' id='word_1_100' title='bbox 864 2679 1086 2786; x_wconf 89' lang='lat' dir='ltr'>imprimis</span> <span class='ocrx_word' id='word_1_101' title='bbox 1129 2701 1181 2759; x_wconf 88' lang='lat' dir='ltr'>os</span> <span class='ocrx_word' id='word_1_102' title='bbox 1212 2667 1423 2791; x_wconf 76' lang='lat' dir='ltr'>septimum</span> 
     </span>
     <span class='ocr_line' id='line_1_17' title="bbox 119 2793 1421 2922; baseline -0.003 -28"><span class='ocrx_word' id='word_1_103' title='bbox 119 2809 276 2898; x_wconf 79' lang='lat' dir='ltr'>tubere</span> <span class='ocrx_word' id='word_1_104' title='bbox 311 2807 498 2922; x_wconf 77' lang='lat' dir='ltr'>insigni3</span> <span class='ocrx_word' id='word_1_105' title='bbox 549 2831 601 2888; x_wconf 92' lang='lat' dir='ltr'>os</span> <span class='ocrx_word' id='word_1_106' title='bbox 634 2793 796 2917; x_wconf 72' lang='lat' dir='ltr'>seram</span> <span class='ocrx_word' id='word_1_107' title='bbox 833 2827 877 2892; x_wconf 92' lang='lat' dir='ltr'>et</span> <span class='ocrx_word' id='word_1_108' title='bbox 908 2807 1084 2892; x_wconf 82' lang='lat' dir='ltr'>alianum</span> <span class='ocrx_word' id='word_1_109' title='bbox 1117 2831 1230 2890; x_wconf 82' lang='lat' dir='ltr'>uero</span> <span class='ocrx_word' id='word_1_110' title='bbox 1266 2808 1318 2890; x_wconf 89' lang='lat' dir='ltr'>ad</span> <span class='ocrx_word' id='word_1_111' title='bbox 1356 2806 1421 2890; x_wconf 90' lang='lat' dir='ltr'>la·</span> 
     </span>
     <span class='ocr_line' id='line_1_18' title="bbox 123 2934 1421 3050; baseline -0.003 -24"><span class='ocrx_word' id='word_1_112' title='bbox 123 2961 232 3026; x_wconf 87' lang='lat' dir='ltr'>tera</span> <span class='ocrx_word' id='word_1_113' title='bbox 266 2937 443 3050; x_wconf 87' lang='lat' dir='ltr'>septimi</span> <span class='ocrx_word' id='word_1_114' title='bbox 482 2934 625 3045; x_wconf 83' lang='lat' dir='ltr'>polita</span> <span class='ocrx_word' id='word_1_115' title='bbox 660 2957 794 3046; x_wconf 88' lang='lat' dir='ltr'>caput</span> <span class='ocrx_word' id='word_1_116' title='bbox 833 2963 917 3046; x_wconf 90' lang='lat' dir='ltr'>pro</span> <span class='ocrx_word' id='word_1_117' title='bbox 955 2935 1184 3048; x_wconf 90' lang='lat' dir='ltr'>implenda</span> <span class='ocrx_word' id='word_1_118' title='bbox 1228 2941 1421 3022; x_wconf 83' lang='lat' dir='ltr'>cauitate</span> 
     </span>
     <span class='ocr_line' id='line_1_19' title="bbox 118 3057 1421 3186; baseline -0.006 -29"><span class='ocrx_word' id='word_1_119' title='bbox 118 3071 347 3176; x_wconf 77' lang='lat' dir='ltr'>adaugent.</span> <span class='ocrx_word' id='word_1_120' title='bbox 411 3057 609 3186; x_wconf 69' lang='lat' dir='ltr'>Quintum</span> <span class='ocrx_word' id='word_1_121' title='bbox 645 3089 745 3150; x_wconf 90' lang='lat' dir='ltr'>cum</span> <span class='ocrx_word' id='word_1_122' title='bbox 787 3067 940 3175; x_wconf 92' lang='lat' dir='ltr'>primo</span> <span class='ocrx_word' id='word_1_123' title='bbox 978 3088 1023 3151; x_wconf 91' lang='lat' dir='ltr'>et</span> <span class='ocrx_word' id='word_1_124' title='bbox 1063 3066 1192 3152; x_wconf 85' lang='lat' dir='ltr'>sexto</span> <span class='ocrx_word' id='word_1_125' title='bbox 1213 3068 1421 3177; x_wconf 77' lang='lat' dir='ltr'>iungitur,</span> 
     </span>
     <span class='ocr_line' id='line_1_20' title="bbox 121 3193 1424 3308; baseline -0.005 -23"><span class='ocrx_word' id='word_1_126' title='bbox 121 3219 178 3285; x_wconf 86' lang='lat' dir='ltr'>et</span> <span class='ocrx_word' id='word_1_127' title='bbox 219 3199 483 3308; x_wconf 83' lang='lat' dir='ltr'>recipiendo</span> <span class='ocrx_word' id='word_1_128' title='bbox 516 3193 653 3308; x_wconf 85' lang='lat' dir='ltr'>pollici</span> <span class='ocrx_word' id='word_1_129' title='bbox 699 3193 961 3284; x_wconf 87' lang='lat' dir='ltr'>destinatum</span> <span class='ocrx_word' id='word_1_130' title='bbox 1009 3195 1085 3282; x_wconf 82' lang='lat' dir='ltr'>est.</span> <span class='ocrx_word' id='word_1_131' title='bbox 1150 3199 1270 3284; x_wconf 88' lang='lat' dir='ltr'>Haec</span> <span class='ocrx_word' id='word_1_132' title='bbox 1318 3221 1424 3308; x_wconf 88' lang='lat' dir='ltr'>qua-</span> 
     </span>
     <span class='ocr_line' id='line_1_21' title="bbox 123 3324 1426 3438; baseline -0.003 -22"><span class='ocrx_word' id='word_1_133' title='bbox 123 3350 241 3416; x_wconf 87' lang='lat' dir='ltr'>tuor</span> <span class='ocrx_word' id='word_1_134' title='bbox 275 3327 364 3413; x_wconf 81' lang='lat' dir='ltr'>olla</span> <span class='ocrx_word' id='word_1_135' title='bbox 401 3325 571 3412; x_wconf 88' lang='lat' dir='ltr'>ordinis</span> <span class='ocrx_word' id='word_1_136' title='bbox 607 3324 828 3414; x_wconf 85' lang='lat' dir='ltr'>inferioris</span> <span class='ocrx_word' id='word_1_137' title='bbox 862 3327 975 3438; x_wconf 87' lang='lat' dir='ltr'>quast</span> <span class='ocrx_word' id='word_1_138' title='bbox 1021 3329 1066 3412; x_wconf 92' lang='lat' dir='ltr'>in</span> <span class='ocrx_word' id='word_1_139' title='bbox 1120 3351 1232 3438; x_wconf 20' lang='lat' dir='ltr'>arcu„</span> <span class='ocrx_word' id='word_1_140' title='bbox 1273 3327 1426 3412; x_wconf 89' lang='lat' dir='ltr'>circuli</span> 
     </span>
     <span class='ocr_line' id='line_1_22' title="bbox 125 3455 1519 3572; baseline -0.003 -28"><span class='ocrx_word' id='word_1_141' title='bbox 125 3457 280 3572; x_wconf 80' lang='lat' dir='ltr'>posita</span> <span class='ocrx_word' id='word_1_142' title='bbox 320 3459 404 3542; x_wconf 83' lang='lat' dir='ltr'>elle</span> <span class='ocrx_word' id='word_1_143' title='bbox 439 3455 669 3560; x_wconf 81' lang='lat' dir='ltr'>uidentur,</span> <span class='ocrx_word' id='word_1_144' title='bbox 716 3478 762 3541; x_wconf 89' lang='lat' dir='ltr'>et</span> <span class='ocrx_word' id='word_1_145' title='bbox 817 3455 994 3542; x_wconf 83' lang='lat' dir='ltr'>inferius</span> <span class='ocrx_word' id='word_1_146' title='bbox 1037 3455 1290 3566; x_wconf 80' lang='lat' dir='ltr'>superficies</span> <span class='ocrx_word' id='word_1_147' title='bbox 1333 3455 1423 3540; x_wconf 85' lang='lat' dir='ltr'>suas</span> <span class='ocrx_word' id='word_1_148' title='bbox 1515 3473 1519 3478; x_wconf 82' lang='grc'><strong><em>’</em></strong></span> 
     </span>
     <span class='ocr_line' id='line_1_23' title="bbox 123 3583 1425 3700; baseline -0.003 -24"><span class='ocrx_word' id='word_1_149' title='bbox 123 3589 228 3676; x_wconf 87' lang='lat' dir='ltr'>fere</span> <span class='ocrx_word' id='word_1_150' title='bbox 265 3583 570 3700; x_wconf 75' lang='lat' dir='ltr'>triangulares,</span> <span class='ocrx_word' id='word_1_151' title='bbox 612 3606 884 3692; x_wconf 82' lang='lat' dir='ltr'>nontamen</span> <span class='ocrx_word' id='word_1_152' title='bbox 922 3587 1073 3698; x_wconf 87' lang='lat' dir='ltr'>planas</span> <span class='ocrx_word' id='word_1_153' title='bbox 1106 3584 1296 3689; x_wconf 78' lang='lat' dir='ltr'>liabent,</span> <span class='ocrx_word' id='word_1_154' title='bbox 1329 3585 1425 3697; x_wconf 87' lang='lat' dir='ltr'>qui.</span> 
     </span>
     <span class='ocr_line' id='line_1_24' title="bbox 122 3715 1425 3832; baseline -0.002 -27"><span class='ocrx_word' id='word_1_155' title='bbox 122 3721 211 3805; x_wconf 89' lang='lat' dir='ltr'>bus</span> <span class='ocrx_word' id='word_1_156' title='bbox 231 3721 417 3832; x_wconf 85' lang='lat' dir='ltr'>quinque</span> <span class='ocrx_word' id='word_1_157' title='bbox 441 3715 528 3802; x_wconf 85' lang='lat' dir='ltr'>offa</span> <span class='ocrx_word' id='word_1_158' title='bbox 553 3715 1124 3826; x_wconf 75' lang='lat' dir='ltr'>metacar&#39;pi,sttperficiebus</span> <span class='ocrx_word' id='word_1_159' title='bbox 1145 3717 1425 3828; x_wconf 55' lang='lat' dir='ltr'>responden-⁴</span> 
     </span>
     <span class='ocr_line' id='line_1_25' title="bbox 125 3843 1424 3958; baseline -0.005 -21"><span class='ocrx_word' id='word_1_160' title='bbox 125 3851 251 3938; x_wconf 90' lang='lat' dir='ltr'>tibus</span> <span class='ocrx_word' id='word_1_161' title='bbox 272 3871 552 3958; x_wconf 84' lang='lat' dir='ltr'>coaptantur.</span> <span class='ocrx_word' id='word_1_162' title='bbox 610 3845 686 3932; x_wconf 87' lang='lat' dir='ltr'>His</span> <span class='ocrx_word' id='word_1_163' title='bbox 707 3843 966 3958; x_wconf 84' lang='lat' dir='ltr'>praemiffis,</span> <span class='ocrx_word' id='word_1_164' title='bbox 995 3845 1082 3930; x_wconf 85' lang='lat' dir='ltr'>olsa</span> <span class='ocrx_word' id='word_1_165' title='bbox 1105 3848 1291 3957; x_wconf 88' lang='lat' dir='ltr'>propius</span> <span class='ocrx_word' id='word_1_166' title='bbox 1311 3871 1424 3930; x_wconf 84' lang='lat' dir='ltr'>con·</span> 
     </span>
     <span class='ocr_line' id='line_1_26' title="bbox 125 3976 1428 4090; baseline -0.002 -25"><span class='ocrx_word' id='word_1_167' title='bbox 125 3977 473 4090; x_wconf 86' lang='lat' dir='ltr'>templabimur,</span> <span class='ocrx_word' id='word_1_168' title='bbox 522 3976 777 4088; x_wconf 88' lang='lat' dir='ltr'>incipiendo</span> <span class='ocrx_word' id='word_1_169' title='bbox 814 3977 864 4060; x_wconf 90' lang='lat' dir='ltr'>ab</span> <span class='ocrx_word' id='word_1_170' title='bbox 903 3977 973 4082; x_wconf 89' lang='lat' dir='ltr'>iis,</span> <span class='ocrx_word' id='word_1_171' title='bbox 1026 3999 1135 4087; x_wconf 88' lang='lat' dir='ltr'>quae</span> <span class='ocrx_word' id='word_1_172' title='bbox 1176 3977 1221 4059; x_wconf 88' lang='lat' dir='ltr'>in</span> <span class='ocrx_word' id='word_1_173' title='bbox 1270 3976 1428 4062; x_wconf 77' lang='lat' dir='ltr'>oculos</span> 
     </span>
     <span class='ocr_line' id='line_1_27' title="bbox 123 4105 1423 4222; baseline -0.006 -24"><span class='ocrx_word' id='word_1_174' title='bbox 123 4105 397 4198; x_wconf 89' lang='lat' dir='ltr'>luculentius</span> <span class='ocrx_word' id='word_1_175' title='bbox 446 4107 687 4191; x_wconf 86' lang='lat' dir='ltr'>incurrunt.</span> <span class='ocrx_word' id='word_1_176' title='bbox 755 4105 815 4190; x_wconf 85' lang='lat' dir='ltr'>Os</span> <span class='ocrx_word' id='word_1_177' title='bbox 867 4107 1066 4192; x_wconf 87' lang='lat' dir='ltr'>minimum</span> <span class='ocrx_word' id='word_1_178' title='bbox 1104 4117 1297 4222; x_wconf 76' lang='lat' dir='ltr'>quartam</span> <span class='ocrx_word' id='word_1_179' title='bbox 1337 4107 1423 4212; x_wconf 85' lang='lat' dir='ltr'>est,</span> 
     </span>
     <span class='ocr_line' id='line_1_28' title="bbox 123 4234 1424 4348; baseline -0.006 -21"><span class='ocrx_word' id='word_1_180' title='bbox 123 4234 510 4348; x_wconf 88' lang='lat' dir='ltr'>semiglobosum,</span> <span class='ocrx_word' id='word_1_181' title='bbox 549 4235 668 4319; x_wconf 79' lang='lat' dir='ltr'>urtica</span> <span class='ocrx_word' id='word_1_182' title='bbox 687 4237 880 4321; x_wconf 73' lang='lat' dir='ltr'>laudium</span> <span class='ocrx_word' id='word_1_183' title='bbox 916 4237 985 4321; x_wconf 90' lang='lat' dir='ltr'>seu</span> <span class='ocrx_word' id='word_1_184' title='bbox 1021 4239 1157 4321; x_wconf 80' lang='lat' dir='ltr'>vnico</span> <span class='ocrx_word' id='word_1_185' title='bbox 1193 4235 1283 4322; x_wconf 87' lang='lat' dir='ltr'>stou</span> <span class='ocrx_word' id='word_1_186' title='bbox 1320 4259 1424 4346; x_wconf 83' lang='lat' dir='ltr'>gau·</span> 
     </span>
     <span class='ocr_line' id='line_1_29' title="bbox 126 4363 1427 4477; baseline -0.004 -23"><span class='ocrx_word' id='word_1_187' title='bbox 126 4371 245 4454; x_wconf 86' lang='lat' dir='ltr'>dens</span> <span class='ocrx_word' id='word_1_188' title='bbox 301 4389 388 4477; x_wconf 88' lang='lat' dir='ltr'>pro</span> <span class='ocrx_word' id='word_1_189' title='bbox 441 4373 703 4472; x_wconf 84' lang='lat' dir='ltr'>receptione</span> <span class='ocrx_word' id='word_1_190' title='bbox 757 4365 894 4448; x_wconf 88' lang='lat' dir='ltr'>tertii.</span> <span class='ocrx_word' id='word_1_191' title='bbox 980 4364 1040 4449; x_wconf 87' lang='lat' dir='ltr'>Os</span> <span class='ocrx_word' id='word_1_192' title='bbox 1104 4363 1286 4454; x_wconf 60' lang='lat' dir='ltr'>aduttum</span> <span class='ocrx_word' id='word_1_193' title='bbox 1342 4368 1427 4449; x_wconf 89' lang='lat' dir='ltr'>im·</span> 
     </span>
     <span class='ocr_line' id='line_1_30' title="bbox 128 4493 1428 4612; baseline -0.001 -31"><span class='ocrx_word' id='word_1_194' title='bbox 128 4497 297 4612; x_wconf 85' lang='lat' dir='ltr'>primis</span> <span class='ocrx_word' id='word_1_195' title='bbox 332 4493 480 4608; x_wconf 85' lang='lat' dir='ltr'>lingula</span> <span class='ocrx_word' id='word_1_196' title='bbox 521 4497 586 4576; x_wconf 86' lang='lat' dir='ltr'>lua</span> <span class='ocrx_word' id='word_1_197' title='bbox 636 4493 924 4603; x_wconf 88' lang='lat' dir='ltr'>prominente</span> <span class='ocrx_word' id='word_1_198' title='bbox 949 4537 976 4598; x_wconf 50' lang='grc' dir='ltr'>,ι</span> <span class='ocrx_word' id='word_1_199' title='bbox 1019 4499 1088 4579; x_wconf 87' lang='lat' dir='ltr'>cui</span> <span class='ocrx_word' id='word_1_200' title='bbox 1131 4498 1428 4607; x_wconf 81' lang='lat' dir='ltr'>ligamentum</span> 
     </span>
     <span class='ocr_line' id='line_1_31' title="bbox 129 4623 1432 4740; baseline -0.005 -26"><span class='ocrx_word' id='word_1_201' title='bbox 129 4625 351 4722; x_wconf 75' lang='lat' dir='ltr'>annulare</span> <span class='ocrx_word' id='word_1_202' title='bbox 406 4625 528 4740; x_wconf 90' lang='lat' dir='ltr'>carpi</span> <span class='ocrx_word' id='word_1_203' title='bbox 582 4623 807 4708; x_wconf 87' lang='lat' dir='ltr'>internum</span> <span class='ocrx_word' id='word_1_204' title='bbox 874 4623 1148 4734; x_wconf 81' lang='lat' dir='ltr'>adnascitur,</span> <span class='ocrx_word' id='word_1_205' title='bbox 1225 4625 1432 4710; x_wconf 87' lang='lat' dir='ltr'>discerni·</span> 
     </span>
    </p>
   </div>
   <div class='ocr_carea' id='block_1_3' title="bbox 116 4751 1425 4856">
    <p class='ocr_par' dir='ltr' id='par_1_3' title="bbox 116 4751 1425 4856">
     <span class='ocr_line' id='line_1_32' title="bbox 116 4751 1425 4856; baseline -0.004 -13"><span class='ocrx_word' id='word_1_206' title='bbox 116 4757 253 4856; x_wconf 84' lang='lat' dir='ltr'>Tem.</span> <span class='ocrx_word' id='word_1_207' title='bbox 295 4751 361 4845; x_wconf 79' lang='lat' dir='ltr'>V:</span> <span class='ocrx_word' id='word_1_208' title='bbox 731 4751 805 4840; x_wconf 85' lang='lat' dir='ltr'>Kk</span> <span class='ocrx_word' id='word_1_209' title='bbox 1337 4773 1425 4840; x_wconf 87' lang='lat' dir='ltr'>tur.</span> 
     </span>
    </p>
   </div>
   <div class='ocr_carea' id='block_1_4' title="bbox 0 0 2234 6017">
    <p class='ocr_par' dir='ltr' id='par_1_4' title="bbox 0 0 2234 6017">
     <span class='ocr_line' id='line_1_33' title="bbox 0 0 2234 6017; baseline 0 1"><span class='ocrx_word' id='word_1_210' title='bbox 0 0 2234 6017; x_wconf 95' lang='lat' dir='ltr'> </span> 
     </span>
    </p>
   </div>
  </div>
 </body>
</html>
