4459 6017
256 555 265 570 -
375 450 622 632 aaran
651 499 1132 611 scaturrirent.
1332 541 1428 630 ³55

140 737 364 852 Tharros,
400 747 470 833 cui
482 867 485 873 Ι
502 748 624 865 lpfias
662 741 862 842 rear-rae
889 767 1042 872 pater,
1085 751 1225 844 Rheae
1249 751 1432 871 frater,

138 901 275 965 numen
293 867 468 964 Martis
485 874 904 998 ierposuit‚aplaneta.
974 887 1095 972 lluuc
1115 890 1273 972 deinde
1288 887 1432 974 Thur·
1567 896 1570 902 '

138 1005 265 1093 tham
301 1012 390 1111 ait,
431 1002 723 1116 expeditione
768 1013 964 1120 suscepta
1019 1011 1165 1098 uersus
1210 1017 1436 1118 boream,

138 1135 377 1222 Caucasum
418 1139 634 1245 quendam
670 1163 729 1223 cx
760 1139 896 1246 slirpe
924 1140 1071 1251 Iapeti
1109 1140 1230 1250 bello
1261 1143 1424 1252 aggtes

136 1263 246 1369 sum,
285 1265 473 1376 denique
509 1265 554 1347 in
585 1262 965 1352 Thraciaobiilse.
1035 1265 1111 1353 Est
1147 1267 1246 1355 sane
1270 1271 1342 1355 illa
1364 1288 1432 1358 te·

134 1393 230 1476 nuis
268 1395 484 1478 memoria
517 1392 665 1503 ‘syrae
699 1386 923 1481 Thracum
970 1397 1197 1506 parentis,
1244 1395 1299 1479 de
1342 1423 1432 1508 quo

130 1517 310 1608 Samuel
341 1519 588 1609 Bochartus
625 1525 670 1608 iu
706 1521 930 1634 Phalego,
967 1545 1181 1636 quantum
1209 1523 1307 1609 satis
1347 1521 1423 1630 cll,

130 1650 241 1756 egit.
304 1651 387 1736 llic
423 1647 484 1734 est
516 1643 637 1736 Thur
674 1653 720 1736 in
760 1651 1059 1764 mythologiis
1079 1654 1423 1762 septemtriona-

127 1775 264 1884 libus,
299 1805 324 1862 a
360 1802 454 1890 quo
485 1779 662 1863 ridetur
698 1774 866 1886 Tyrio
900 1784 1024 1872 Edda
1075 1780 1319 1870 Snorronis
1359 1785 1431 1890 (9)

37 1897 38 1900 ‘
130 1904 360 2015 distingui,
395 1925 440 1990 at
477 1905 523 1989 iu
576 1910 778 2021 prologo
835 1909 1164 1998 conscinduntur
1223 1908 1423 1996 nomina.

126 2025 224 2140 Tyr
261 2038 305 2117 in
343 2036 762 2144 septentrionalibus
796 2037 959 2148 linguis
994 2060 1178 2150 magnam
1230 2061 1427 2154 quemque

124 2164 260 2248 uirum
295 2163 533 2271 significat,
582 2186 627 2250 et
664 2168 709 2250 in
766 2167 1027 2277 compositis
1082 2169 1274 2276 augendi
1325 2169 1418 2252 vim

126 2286 289 2395 habet,
326 2309 376 2375 vt
410 2288 633 2399 Georgius
674 2291 892 2380 Hickefius
938 2296 1273 2382 animaduertit.
1319 2297 1427 2406 (rol

122 2417 283 2508 Credo
303 2421 489 2503 eandem
511 2419 601 2502 uim
622 2422 747 2503 vocis
777 2421 893 2534 apud
928 2419 1150 2510 Sarmatas
1173 2423 1420 2524 obtinuisse.

123 2547 244 2636 Nam
282 2548 493 2655 Lucianus
530 2549 782 2635 iu-Toxari
820 2547 1029 2656 testatur,
1055 2547 1085 2632 li
1115 2549 1208 2660 quis
1245 2549 1419 2662 praelio

123 2672 351 2786 superatus
376 2669 477 2793 ζίριν
509 2676 797 2783 exclamarit,
836 2679 927 2764 eius
946 2683 1065 2764 uitae
1094 2675 1315 2764 Sarmatas
1340 2701 1419 2786 pe·

122 2803 335 2916 percilse,
371 2805 510 2892 veluti
543 2803 613 2893 ἐπὶ
646 2799 775 2922 λύτρα
809 2795 1007 2911 suculae,
1046 2806 1135 2889 hoc
1156 2803 1243 2910 eu,
1282 2803 1421 2892 ueluti

122 2936 200 3046 qui
237 2936 431 3034 diceret,
470 2951 519 3015 vt
557 2935 629 3017 ille
669 2937 711 3017 iu
743 2934 996 3043 Rhapsodia
1031 2931 1221 3020 Dolon:

244 3077 345 3192 Zur
364 3066 477 3194 ρότ’,
517 3065 641 3191 ealdp
678 3065 793 3196 ἐγών
823 3067 902 3195 ἐμὲ
941 3069 1152 3195 λύσομας.

117 3225 379 3348 Hesychius:
411 3201 674 3344 rupuSe'rla,
728 3220 801 3316 τὸν
847 3217 1143 3346 ταραχθένΊα,
1184 3209 1409 3324 amessia.

121 3351 211 3443 Sed
250 3381 487 3468 utcumque
522 3360 640 3442 iuter
675 3355 866 3444 Thracas
901 3361 1158 3466 vicinosque
1186 3351 1324 3442 Getas
1365 3368 1412 3436 et

122 3481 307 3594 Scythas
354 3486 659 3595 sarmatasque
705 3487 877 3572 celebre
919 3481 1010 3569 hoc
1050 3483 1197 3591 'syrae
1241 3501 1412 3563 nomen
1541 3585 1543 3588 ³

119 3606 421 3722 suerit,tamen
442 3616 538 3727 ipso
560 3619 604 3700 iu
627 3614 977 3728 prologoEddae
997 3608 1108 3698 nihil
1129 3607 1260 3715 aliud,
1279 3627 1410 3718 quam

116 3735 210 3826 hoc
247 3771 417 3830 nomeu
472 3753 699 3855 arreptum
749 3745 922 3830 aliunde
984 3744 1159 3831 leutio..
1212 3736 1409 3823 Thraces

115 3891 260 3980 vero,
292 3899 402 3985 quos
431 3870 721 3984 genealogiae
741 3871 900 3964 Priami
920 3868 1160 3958 immisceri
1176 3865 1404 3967 uidemus,

114 4023 215 4083 non
252 4001 347 4085 sunt
381 4002 739 4121 Europaei,sed
774 4002 972 4092 Asiatici.
1029 3991 1284 4106 'Acceperat
1321 3991 1405 4102 igi·

109 4145 190 4212 tur
223 4128 533 4241 mythologus,
565 4129 759 4215 Thracas
793 4157 892 4220 cum
929 4127 1106 4222 Rhaeso
1140 4125 1215 4213 suo
1243 4121 1404 4212 Troia·

705 4251 827 4344 ΖΜ
1015 4296 1019 4300 “
1333 4249 1407 4337 uis

204 4435 261 4517 (9)
283 4431 371 4500 cont
389 4435 420 4495 iu
438 4431 522 4498 Edda
544 4429 665 4512 mythol.
693 4449 739 4514 ¹⁹·
759 4445 791 4493 et
811 4447 860 4507 23.
901 4426 980 4508 (to)
1000 4427 1038 4490 lu
1069 4427 1212 4490 rucene
1244 4417 1401 4506 ummo

111 4515 383 4596 kptenuionrliun
399 4517 439 4579 Τ.
455 4521 480 4577 l.
501 4519 532 4578 ia
551 4513 734 4577 omnes
752 4507 987 4594 MoesoGotlrlce
1007 4526 1029 4588 p
1062 4528 1131 4572 roa.
1168 4513 1203 4572 le.
1238 4525 1268 4588 p.
1292 4514 1340 4576 1⁸.
1370 4525 1402 4574 ce

107 4597 443 4683 walamiri
462 4601 572 4664 lexico
593 4598 822 4662 modicorum
843 4595 926 4676 Tyr·
961 4591 1320 4674 Edleetuyeholomeea.
