4459 6017
549 479 985 612 'annuarum
1276 527 1281 540 ‘
1372 548 1465 635 aas

191 750 386 843 concilio
406 755 606 845 Achaico
627 757 932 862 seiunxerunt,
956 756 1014 843 sui
1033 756 1137 842 iuris
1164 755 1246 846 esre
1267 773 1477 882 pateren-

133 915 137 922 ·
192 907 285 990 tur,
325 884 381 970 stc
419 887 754 972 conanailsorum
785 891 960 988 ueniam
992 892 1306 978 consecuturos
1335 917 1379 978 et
1402 919 1474 978 aa·

189 1040 292 1126 quas
321 1016 437 1124 pacis
456 1016 841 1121 conditionessg)
904 1015 1304 1106 Intereallletellus
1324 1026 1481 1131 copias

191 1145 367 1228 deducit
389 1168 412 1224 e
433 1145 724 1249 Macedonia,
764 1142 989 1231 Critolaus
1009 1169 1119 1230 uero
1140 1153 1255 1254 pacis
1279 1153 1478 1258 mentio-
1590 1207 1595 1218 -

190 1297 248 1354 ne
275 1273 502 1380 repudiata
530 1274 788 1358 Heracleam
816 1270 998 1356 obsidet.
1066 1275 1352 1360 Aduentante
1389 1281 1480 1361 iam

192 1424 250 1486 ex
278 1400 545 1486 Macedonia
578 1400 796 1505 Metello,
830 1399 1084 1510 Scarphean
1122 1405 1307 1488 recedit.
1374 1405 1482 1513 Ipso

189 1533 236 1614 in
255 1529 417 1612 itinere
439 1529 647 1617 Metellus
678 1531 822 1616 hostes
841 1527 1051 1616 assecutus
1078 1532 1255 1616 cecidit.
1326 1533 1485 1622 Crito-

185 1657 278 1742 laus
300 1684 501 1769 nusquam
527 1685 666 1770 neque
696 1667 813 1744 iuter
842 1662 992 1764 uiuos,
1030 1678 1168 1770 neque
1200 1664 1318 1746 inter
1356 1688 1483 1747 mor·

194 1809 293 1872 tuos
323 1812 522 1895 repertus
545 1789 617 1873 est.
683 1791 828 1876 Liuius
852 1792 922 1896 (4)
954 1813 1129 1874 ueneno
1170 1788 1245 1872 sabi
1280 1811 1481 1874 mortem

193 1917 444 2002 conlciuilse
470 1918 684 2027 prodidit.
718 1922 812 2003 ,At
834 1919 1050 2002 Pausanias
1070 1922 1116 2000 in
1138 1919 1370 2026 paludead
1392 1921 1482 2004 Oe·

180 2064 271 2148 =tau
294 2067 499 2130 montem
531 2045 651 2131 sorte
672 2045 913 2132 demersum
939 2065 1064 2156 putat
1090 2069 1134 2130 et
1165 2050 1360 2131 incertus
1388 2049 1484 2134 ani-

156 2221 164 2242 ·
194 2173 281 2275 mi,
320 2172 455 2286 multa
477 2176 559 2258 alia
579 2176 624 2256 in
645 2201 742 2260 eum
765 2175 949 2257 modum
980 2176 1020 2259 se
1043 2175 1248 2285 suspicari
1283 2177 1410 2284 ‘polle
1431 2201 1484 2262 o·

113 2287 120 2306 ’
196 2299 379 2403 stendit,
420 2321 499 2405 vt,
535 2304 653 2409 quod
691 2300 959 2384 veriffimum
1001 2301 1079 2405 stt,
1127 2328 1218 2385 non
1260 2309 1484 2412 adpareat·

196 2430 317 2514 Hanc
339 2429 507 2552 eladem
532 2428 600 2512 alii
624 2426 674 2509 ad
695 2425 977 2532 Heracleam,
1014 2426 1088 2508 alii
1119 2431 1171 2510 ad
1201 2427 1484 2539 Scarplrean,

195 2557 341 2644 Liuius
362 2558 413 2640 ad
438 2555 765 2667 Thermopylas
786 2575 1014 2662 acceptam
1035 2555 1194 2638 ferunt.
1221 2553 1396 2643 Scilicet
1419 2559 1487 2640 iu·

197 2705 267 2770 ter
286 2686 545 2773 Heracleam
559 2706 603 2770 et
618 2680 1210 2794 ScarpheanThermopylae
1228 2688 1489 2772 interiedlae

164 2892 168 2901 ,
195 2817 314 2915 sunt,
355 2839 457 2922 quas
475 2814 561 2896 iam
584 2816 845 2921 traiecerat,
866 2815 974 2897 telle
996 2813 1213 2914 Pausania,
1238 2813 1488 2917 Critolaus,

198 2969 295 3026 cum
319 2967 417 3024 eum
439 2945 637 3032 Romani
656 2941 880 3028 consecuti
899 2941 1064 3046 essent,
1103 2963 1153 3028 ut
1175 2944 1317 3029 clades
1339 2941 1412 3026 illa
1433 2943 1484 3026 ab

198 3071 333 3156 tribus
367 3073 478 3157 locis
516 3075 760 3156 commode
788 3073 979 3182 insigniri
1000 3092 1143 3182 queat.
1201 3069 1484 3160 Refellcndus

200 3199 308 3284 mihi
329 3224 501 3311 quoque
530 3226 621 3285 vno
648 3202 787 3286 verbo
807 3203 865 3286 est
890 3201 1012 3286 Flori
1034 3225 1188 3306 error,
1219 3205 1288 3305 (5)
1321 3202 1393 3311 qui
1430 3198 1488 3284 sac

194 3328 307 3412 satus
328 3333 407 3416 est:
441 3325 619 3440 Critolai
648 3355 805 3440 manum
843 3323 1043 3415 Metellus
1076 3321 1170 3413 Cos.
1203 3339 1487 3440 perpetratas

198 3457 332 3549 Elidis
361 3475 518 3569 cararpos
549 3471 636 3543 tato
659 3460 803 3543 cecidit
834 3454 1016 3566 Alphaeo
1050 3472 1090 3540 et
1124 3480 1203 3542 ono
1218 3455 1375 3566 praelio
1391 3472 1489 3570 per·

172 3579 177 3588 ’
197 3582 327 3676 auum
344 3602 440 3672 erat
456 3585 612 3672 bellum·
678 3586 806 3675 Nihil
825 3612 1000 3698 usquam
1021 3586 1125 3669 sani.
1194 3585 1350 3695 Neque
1366 3586 1489 3670 enim

195 3718 244 3804 iu
263 3715 415 3823 Elide,
455 3715 524 3801 sed
544 3719 681 3824 longe
706 3739 832 3802 extra
850 3715 1202 3825 Peloponnesum
1228 3739 1369 3828 prope
1391 3713 1489 3800 Ma·

201 3846 434 3930 cedoniam
458 3868 698 3954 pugnatum
717 3843 798 3929 esta
834 3843 973 3957 neque
992 3868 1084 3928 nno
1106 3846 1353 3928 certamine
1376 3867 1488 3928 con-

201 3971 565 4060 sestumbellum:
599 3997 738 4084 neque
783 3971 1085 4092 QCaecilius
1114 3971 1221 4060 Cos.
1260 3968 1375 4074 suit,
1414 3969 1493 4056 sed'
1630 3976 1636 3988 ’

199 4124 508 4213 ‚propraetore
561 4102 874 4188 Macedoniam
922 4102 1160 4186 ordinauit.
1229 4099 1323 4183 Fuit
1368 4099 1490 4184 enim

206 4255 391 4340 praetor
413 4232 704 4318 Macedoniae
731 4237 787 4315 A.
817 4231 871 4314 V.
903 4231 955 4318 C·
979 4239 1080 4314 606
1107 4229 1299 4336 vicitque
1330 4227 1494 4312 Andri·

207 4360 296 4444 snm
325 4358 761 4472 Pseudophilippum.
827 4357 959 4445 lolius
992 4356 1242 4470 obsequens
1264 4359 1308 4442 in
1337 4355 1490 4480 prodi·

773 4486 922 4590 Lllp
1319 4487 1326 4498 ’
1382 4482 1485 4591 giis,

196 4610 833 4719 Ἥῆῆῑξεῗῶῖρῐῑςῐ
859 4623 919 4710 (5)
938 4623 960 4686 1.
971 4599 1480 4688 uiis-“ffl-
