4459 6017
409 527 649 630 aaran
681 527 1160 635 satanicarum
1205 468 1220 489 ”
1351 561 1490 661 ,ec

174 779 305 883 eiiet,
349 779 506 868 relictis
542 779 595 864 ad
631 779 842 867 tuendam
865 781 1009 870 ,Ponti
1062 805 1205 866 oram·
1239 777 1459 870 naualibus

167 910 524 1020 ‘pedestribusque
564 911 808 1018 praesidiis,
867 911 1021 996 Iberos
1067 930 1111 994 ct
1160 911 1213 994 ad
1251 909 1460 1018 Caspium

167 1037 298 1122 snare
332 1041 526 1123 Albanos
547 1041 590 1122 in
613 1038 879 1147 potestatem
902 1039 1102 1146 redegit,
1133 1030 1245 1120 ssinde
1278 1039 1322 1118 in
1343 1040 1461 1146 Pon,-

175 1187 268 1250 tum
310 1190 354 1248 et
393 1169 563 1275 Syriam
599 1167 774 1253 reduxit
814 1151 1157 1269 exercitum.(8)
1224 1164 1463 1252 Mithrida-

176 1315 241 1379 tes
277 1295 457 1378 consilia
494 1293 709 1402 agitabat,
749 1279 888 1404 ne'que
924 1319 1010 1402 pro
1048 1290 1271 1403 praesenti
1316 1295 1462 1382 fortu-

172 1447 251 1524 na,
295 1447 433 1532 neque
468 1446 548 1532 pro
579 1441 751 1516 aetate·
818 1423 1137 1510 Constituerat
1160 1421 1459 1531 sumserunt,

172 1554 384 1638 adiunctis
419 1551 493 1633 sibi
515 1547 731 1660 Scythicis
750 1545 1005 1662 Geticisque
1026 1543 1460 1657 auxiliisfpeniian·
1567 1663 1573 1666 ᾖ

103 1687 109 1702 ’
173 1681 354 1762 noniam
393 1677 599 1765 inuadere
636 1677 884 1789 Alpes,(9)
921 1697 982 1768 et·
1009 1677 1460 1764 omnebstbaricum

83 1825 86 1830 ’
172 1831 341 1892 nomen
379 1809 423 1891 in
459 1809 690 1896 Romanos
727 1812 968 1895 concitare.
1057 1808 1128 1894 Eo
1175 1824 1220 1892 et
1262 1805 1459 1896 deiectus
1545 1882 1599 1899 .,

171 1935 362 2020 miiitum
398 1935 581 2019 habebat
623 1939 933 2023 acerrime-et·
958 1959 1079 2042 arma
1119 1932 1292 2045 telaque
1324 1939 1457 2022 com·

172 2063 352 2174 parabat
391 2085 435 2147 et
478 2065 775 2150 exactionibus
797 2062 1095 2152 crudeliisrmis
1115 2064 1388 2175 congerebat
1408 2051 1456 2153 in

170 2197 384 2278 aerarium
427 2215 562 2301 opes,
600 2211 646 2278 et
679 2193 908 2278 eunuchos
945 2193 997 2278 ad
1029 2186 1237 2302 Scythiae
1273 2190 1456 2301 regulos

169 2323 414 2424 mittebat,
443 2323 515 2430 qui
533 2320 694 2405 auxilia
716 2341 955 2430 peterent,
995 2318 1191 2430 filiasque
1211 2322 1355 2428 regias
1375 2318 1455 2407 de·

167 2452 426 2536 uinciendae
447 2447 583 2535 caniia
603 2451 825 2535 amicitiae
862 2452 982 2534 inter
1002 2447 1182 2557 regulos
1205 2445 1453 2534 elocacent.

34 2569 37 2574 ’
163 2586 268 2689 (10)
334 2577 504 2672 Enochi
539 2603 638 2661 cum
676 2577 841 2664 filiabus
862 2580 1020 2688 regiis,
1058 2578 1452 2688 aquingentorum

165 2695 357 2796 militum
393 2705 612 2819 praesidio
650 2697 988 2792 deducebantur.
1058 2708 1122 2791 At
1157 2704 1270 2791 haud
1313 2703 1451 2818 longe

167 2836 338 2946 digreffi
376 2863 399 2920 a
434 2833 695 2922 Mithridate
735 2834 923 2939 milites,
969 2830 1167 2919 enuchus
1210 2829 1451 2918 interfece-

165 2988 266 3051 runt
304 2984 348 3048 et
383 2963 546 3073 puellas
582 2963 635 3047 ad
698 2964 781 3052 Cn.
836 2963 1101 3072 Pompeium
1156 2961 1448 3048 adduxerunt.

161 3094 256 3180 Iam
297 3111 341 3176 et
378 3093 554 3199 Castor,
592 3092 833 3200 praefectus
875 3090 1174 3200 Phanagoriae
1216 3093 1344 3174 nouis
1375 3113 1450 3173 re·

164 3221 240 3308 bus
277 3222 495 3327 studebat,
533 3225 603 3328 (1)
638 3241 682 3304 et
719 3217 865 3332 paisrm
900 3221 1028 3307 urbes
1046 3221 1351 3332 exercitusque
1373 3217 1451 3306 de.

166 3351 395 3455 ficiebaat,
433 3377 513 3462 qua
551 3349 783 3436 occasione
827 3349 1067 3436 Pharnaces
1120 3347 1241 3452 usus,
1298 3367 1448 3457 patet·
1591 3397 1596 3412 ·

167 3505 487 3594 num-regnum
524 3474 699 3590 rapuit,
738 3477 1022 3564 Mithridates
1059 3478 1264 3563 violenta
1296 3492 1448 3562 morte

162 3611 359 3712 interiit,
402 3607 464 3696 M.
492 3607 641 3694 Tullio
679 3607 929 3714 Cicerone,
969 3607 1022 3696 C·
1042 3606 1254 3698 Antonio
1283 3605 1446 3712 Nepo-

164 3761 210 3826 te
247 3739 363 3826 Coii.
402 3759 503 3822 ante
526 3733 579 3825 C.
603 3740 760 3844 Nf63.
831 3735 1219 3854 Quemadmodum
1250 3731 1464 3840 Scythae·
1573 3755 1581 3774 ’

87 3909 91 3916 ·
164 3869 301 3952 toties
339 3865 637 3956 Cherrhonesr
676 3863 938 3974 poiieffione
976 3865 1252 3966 euersrsunt,
1290 3865 1355 3946 ita
1374 3886 1445 3948 re·

159 4021 293 4112 gnum
327 3995 635 4102 Bospotanum
671 3994 751 4078 suis
783 3991 939 4078 finibus
978 4013 1071 4080 tum
1117 3996 1163 4077 in
1213 3987 1446 4082 Cherrho·

162 4125 267 4210 neso
305 4143 397 4207 tum
439 4124 483 4206 in
521 4121 701 4206 obiediis
734 4123 791 4206 ad
825 4125 1051 4208 orientem
1095 4122 1240 4208 versus
1276 4120 1445 4208 Cauca·

160 4257 247 4339 suro
287 4247 552 4363 prouinciis,
594 4248 833 4360 fecereque
855 4251 906 4334 ad
928 4251 1154 4340 Valeriani
1177 4251 1299 4362 1mp.
1324 4266 1444 4332 tem·

154 4381 273 4469 Tum.
315 4379 370 4468 V.
457 4371 459 4378 ’
754 4381 824 4464 Tt
1327 4398 1441 4485 pota

166 4657 247 4740 (ιο)
271 4658 374 4719 Omnia
396 4673 433 4718 ex
455 4655 597 4736 Appiano.
636 4647 696 4730 (a)
716 4645 837 4708 iiiiioris
858 4641 985 4705 Miscella
1006 4657 1044 4708 ex
1061 4641 1102 4702 T.
1120 4639 1218 4704 uuio.
1237 4656 1267 4721 p.
1282 4655 1335 4717 40.
1428 4675 1433 4690 .
