4459 6017
788 557 888 645 ιε,
948 535 1044 636 uu
1072 528 1683 690 couuuurcrrrour
1713 531 1941 642 uorat

785 788 909 880 inter
925 785 1037 874 haer
1053 786 1231 898 generis
1251 782 1660 898 deprehenduntur.
1695 781 1911 896 Corpora
1930 808 2077 894 porro
2189 869 2190 874 t

787 912 2081 1024 tamclasticitatedestitutaseumoliia,quameiasticaetiam

790 1045 1002 1136 differunt
1034 1050 1213 1132 ratione
1237 1045 1444 1148 duritiei,
1482 1044 1712 1130 secuudum
1733 1068 1860 1156 quarn
1882 1043 1965 1130 alia
1985 1044 2077 1132 aliis
2189 1047 2190 1120 ἓ

791 1179 936 1290 magis
969 1173 1043 1262 uei
1079 1177 1221 1260 miuus
1257 1172 1352 1258 suut
1389 1173 1507 1259 dura.
1570 1170 1737 1260 Durius
1772 1194 1919 1259 autem
1938 1197 2076 1260 vocu-
2189 1265 2190 1274 Ν

794 1324 869 1394 tur
902 1329 1065 1417 corpus
1095 1305 1215 1418 quod
1249 1303 1487 1390 abeodem
1522 1304 1567 1386 vi
1592 1301 2080 1413 minoremimpreffio.

794 1460 900 1524 uem
936 1435 1124 1545 accipit,
1165 1455 1224 1516 ex
1259 1429 1436 1545 hocque
1453 1429 1743 1542 intelligitur,
1780 1431 1885 1545 quid
1903 1431 1955 1520 iit
1974 1459 2077 1518 cor-

795 1589 877 1678 pus
913 1561 1107 1678 persedie
1144 1563 1329 1668 dutum,
1362 1561 1484 1675 quod
1527 1562 1734 1644 nimirum
1770 1587 1795 1646 a
1836 1587 2002 1675 quaque
2033 1563 2086 1650 ti·

795 1693 922 1781 finita
962 1691 1138 1778 infinite
1175 1715 1355 1802 paruam
1402 1711 1575 1776 tantum
1629 1687 1958 1800 impreffiouem
2008 1679 2082 1776 ac·'

797 1823 952 1935 cipiat.
989 1823 1128 1910 Prout
1164 1843 1274 1930 ergo
1311 1817 1421 1906 haec
1453 1814 1681 1928 imprefflo
1725 1819 1800 1906 uel
1843 1818 2085 1918 restituitur
2189 1823 2190 1832 '

770 1951 875 2069 'vel
910 1952 1049 2057 secus,
1082 1975 1245 2062 corpus
1282 1949 1476 2062 perterre
1513 1952 1669 2034 durum
1704 1946 1778 2036 rel
1798 1949 1851 2036 ad
1883 1949 2081 2038 eradico*

799 2105 957 2172 torum
977 2079 1055 2168 rel
1076 2105 1170 2168 non
1190 2078 1469 2168 eluiiieorum
1505 2076 1680 2166 cladem
1715 2079 1959 2192 pertinebit
2080 2131 2086 2156 .

922 2331 964 2429 §-
1000 2362 1048 2446 7.
1083 2339 1273 2458 Quando
1310 2337 1399 2458 duo
1445 2361 1643 2452 corpora
1687 2333 1854 2428 eladica
1889 2337 2010 2424 iuter
2044 2342 2084 2424 ie

800 2465 1022 2554 collidunt
1056 2469 1545 2582 alterum—comprimit
1581 2471 1791 2574 alterum,
1828 2491 1874 2556 et
1910 2468 2086 2554 obiitn-

798 2595 1040 2711 preffiones
1075 2597 1316 2712 infliguot3
1351 2600 1636 2710 postmodum
1672 2625 1785 2688 tero
1813 2597 1854 2687 se
1881 2599 2022 2686 rursus
2041 2599 2087 2686 iu

797 2729 1024 2842 pristinam
1080 2727 1272 2815 formam
1320 2731 1565 2819 restituunt.
1632 2731 1849 2848 Quamdiu
1891 2751 2086 2839 corpora

705 2935 713 2950 .
798 2861 1161 2971 comprimuntur
1182 2857 1255 2946 vel
1274 2878 1508 2975 utrumque
1530 2885 1693 2972 corpus
1722 2859 1797 2946 vel
1823 2857 2084 2947 alterutrum

799 2986 955 3073 saitem
994 2987 1049 3072 de
1089 3007 1217 3074 motu
1252 2989 1328 3076 suo
1366 2993 1550 3077 amittit.
1618 2991 2089 3110 Quaadoueroiere·

800 3116 1008 3221 diruunt,
1047 3137 1140 3202 tum
1181 3120 1318 3204 etiam
1356 3140 1506 3208 motus
1540 3123 1584 3204 iu
1606 3117 1935 3233 compreiirone
1964 3116 2085 3204 amis·

800 3243 868 3330 sus
884 3245 1143 3350 restituitur,
1166 3246 1238 3334 sed
1258 3243 1385 3334 aliter
1405 3251 1524 3335 inter
1543 3273 1739 3360 corpora
1762 3244 2091 3366 distribuiturlu

802 3399 897 3462 nou
918 3372 1195 3464 eiasticorutu
1217 3377 1581 3466 couflidiuautem
1600 3377 1931 3492 impreffionem
1961 3401 2087 3487 quam

800 3527 1039 3618 utrumque
1075 3508 1249 3618 accepit
1285 3509 1525 3594 maximam
1563 3513 1771 3606 retinet.¹
1812 3511 1883 3600 Au
1913 3529 2088 3601 motum

802 3637 937 3744 igitur
975 3661 1221 3746 corporum
1261 3635 1535 3722 eiasticorum
1577 3641 1674 3748 post
1710 3639 1966 3726 conflictum
2013 3637 2089 3718 de·

803 3767 1152 3870 terminandum,
1176 3765 1435 3878 requiritur,
1465 3789 1514 3855 ut
1551 3745 1771 3880 tt‘riusque
1798 3765 2007 3876 corporis
2025 3765 2092 3848 iu·

796 3893 1046 4005 uestigetur
1082 3894 1285 3982 celeritas
1322 3917 1415 3980 tum
1454 3900 1629 4008 quando
1651 3899 1744 3984 sunt
1768 3897 1944 4008 prorsus
1970 3891 2094 3978 resti·

807 4040 917 4110 tutu.
984 4027 1071 4112 Pro
1105 4026 1371 4138 corporibus
1403 4051 1629 4110 verouorr
1660 4027 1864 4135 eluditis,
1898 4021 2093 4110 inueniri

807 4155 939 4239 debet
974 4161 1193 4270 utriusque
1230 4156 1450 4267 torporis,
1473 4155 1676 4244 celeritas
1709 4184 1837 4272 quam
1871 4155 2004 4242 habet
2047 4155 2093 4240 in

807 4281 917 4370 statu
955 4289 1176 4384 maximoe
1211 4283 1516 4396 impreffronis.

926 4401 971 4538 ᾗ
1013 4425 1057 4500 8.
1094 4417 1483 4536 Quemadmodum
1523 4415 1575 4500 ad
1604 4440 1787 4502 omnem
1817 4432 1995 4500 motum
2016 4434 2096 4525 ge·

807 4548 1052 4638 uerendum
1088 4574 1202 4661 opua
1235 4547 1295 4636 est
1326 4545 1563 4661 potentia,
1598 4548 1661 4636 ita
1697 4546 1835 4634 etiam
1862 4543 1917 4632 ad
1944 4562 2100 4658 partes

1985 4697 2097 4766 4⁰5·
