4459 6017
768 575 871 679 aa,
1158 549 1340 653 sisar
1372 548 1624 650 innuet

763 809 934 915 Aegam
969 799 1113 906 enini,
1148 797 1219 882 seu
1252 796 1342 882 alio
1380 797 1563 878 nomine
1600 795 1754 903 Aegas,
1794 813 1884 876 tion
1920 783 2016 880 haiil

763 938 851 1017 tari
889 930 1048 1034 tradit,
1088 953 1239 1037 agrum
1276 925 1556 1032 Aegiensium
1597 925 1701 1006 esse:
1747 920 1921 1032 Rhypes
1959 949 2014 1007 au·

764 1083 884 1163 tem,
926 1059 1124 1168 Myscelli
1157 1055 1271 1140 illius
1310 1058 1522 1162 patriam,
1557 1053 1628 1160 qui
1665 1051 2015 1138 Crotonemeoa·

763 1190 900 1289 didit,
941 1190 1048 1269 item
1091 1187 1182 1268 esse,
1217 1182 1373 1286 nullas,
1420 1207 1529 1288 agro
1571 1182 1689 1262 inter
1730 1182 1952 1290 Aegienses
1981 1201 2014 1263 et

763 1316 1012 1404 Pharienses
1067 1313 1219 1394 diuiso·
1285 1313 1343 1396 Et
1396 1308 1614 1394 Pausanias
1666 1333 1839 1417 quoque
1874 1333 2012 1392 tantun

765 1447 910 1528 ruinas
946 1441 1205 1552 Rhypatum
1241 1437 1308 1520 sua
1350 1460 1495 1521 aetate
1540 1434 1743 1520 exstitisse
1790 1441 1859 1519 ait.
1921 1437 2010 1524 Cro·

766 1591 876 1656 tona
897 1599 920 1653 a
943 1567 1154 1680 Myscello
1174 1568 1357 1650 condita
1378 1567 1436 1650 est
1455 1562 1720 1673 Olympiade
1747 1565 1830 1650 XI.
1851 1588 1914 1656 aut
1932 1564 2012 1650 ΧΗ.

764 1703 850 1804 (7)
884 1699 1003 1808 quod
1035 1696 1131 1778 satis
1156 1719 1290 1778 vetus,
1319 1715 1490 1801 ternpus
1529 1693 1586 1776 est
1624 1690 1941 1776 florentissimae
1959 1719 2012 1774 rr·

765 1827 843 1910 bis.
913 1827 1099 1942 Qiiaeuis
1129 1814 1413 1907 retendens
1430 1815 1606 1936 μερίδων
1625 1811 1790 1904 rursum
1820 1824 1859 1902 in
1877 1803 2013 1927 septeni

768 1977 841 2036 aut
883 1958 986 2038 osio
1010 1945 1160 2064 δήμες
1193 1951 1259 2034 seu
1291 1947 1819 2060 papulasdistribuebatur:
1853 1947 2011 2048 ransart,

768 2083 909 2192 inquit
949 2080 1136 2184 Strabo,
1175 2082 1245 2183 (8)
1275 2070 1467 2190 sunudpt'it
1505 2069 1585 2178 rili
1628 2076 1768 2194 χώραν
1811 2073 2011 2192 nait‘ssniei.

767 2211 879 2299 Inde
914 2235 1041 2315 nsque
1090 2232 1113 2288 a
1157 2206 1362 2288 libertate
1418 2229 1697 2314 recuperata,
1747 2207 1848 2288 nulla
1878 2209 2004 2288 admo·

771 2341 873 2420 dum
912 2360 986 2439 re,
1028 2333 1101 2415 nisi
1141 2335 1322 2418 iustitiae
1361 2353 1405 2414 et
1442 2337 1669 2442 aequitatis
1688 2337 1826 2420 laude·
1844 2333 2015 2416 celebrati

774 2462 869 2548 sunt
907 2463 1092 2551 Achaei.
1138 2469 1307 2573 Neque
1346 2461 1463 2542 enim
1502 2463 1675 2546 Persicis
1714 2464 1756 2544 iii
1804 2461 1913 2546 bellis
1948 2459 2017 2541 sub·

772 2591 874 2674 sidia
898 2593 1052 2674 misere
1071 2591 1128 2674 ad
1154 2587 1617 2698 thermopylensis
1648 2592 1698 2674 ad
1716 2591 1933 2676 Euboeam
1963 2606 2015 2671 aut

769 2717 1051 2806 Salaminem.
1086 2745 1090 2752 ·
1125 2716 1194 2802 Sic
1234 2720 1463 2804 Pausanias.
1494 2723 1563 2823 (9)
1629 2721 1759 2836 Quod
1800 2743 1933 2804 autern
1959 2715 2011 2798 id·

772 2847 853 2950 dit,
893 2835 1110 2952 ildinsDa‘ic
1140 2835 1373 2958 καἹάλογος
1397 2845 1655 2962 συμμάχων
1695 2841 1787 2962 ἔχει
1829 2835 2010 2940 Amuinlc

767 2957 802 3077 ἧ
839 2963 1035 3074 heliuth,
1077 2977 1119 3056 id
1157 2975 1210 3056 ad
1246 2971 1316 3058 illa
1365 2975 1452 3082 ipsa
1495 2975 1604 3057 bella
1654 2981 1870 3084 pertinet.
1930 2975 2017 3061 Nini

771 3102 970 3204 tametsi,
1025 3119 1071 3181 vt
1123 3099 1240 3181 idern
1274 3101 1452 3183 testatur
1483 3104 1725 3206 Pausanias,
1765 3107 1822 3184 ad
1867 3107 2020 3188 Plataeas

767 3225 947 3314 subsidia
982 3226 1137 3310 misere
1174 3224 1354 3316 Graecis
1392 3231 1589 3314 aduersus
1636 3231 1942 3333 Mardonium,
1973 3251 2020 3308 ta·

774 3380 904 3460 meti,
941 3356 1038 3464 quia
1078 3380 1169 3438 non
1205 3379 1422 3440 venerunt
1462 3359 1504 3440 in
1549 3378 1778 3466 tempore,
1840 3342 1883 3443 iii
1924 3383 2021 3440 coni·

589 3563 593 3572 .
660 3599 663 3604 Ι
773 3486 893 3568 muni
930 3481 1207 3578 Gr'aecorum
1244 3485 1451 3590 donari0,
1494 3490 1608 3594 quod
1653 3488 1893 3597 Olympiae
1933 3481 2024 3568 dedi-

760 3633 917 3714 ,catum
959 3613 1041 3715 est,
1080 3611 1362 3698 Achaeorum
1404 3637 1584 3694 nomen·
1608 3621 1768 3700 ceteris
1808 3619 1927 3702 sociis
1957 3635 2026 3694 nou
2140 3683 2141 3704 i

770 3736 851 3819 suit
886 3735 1163 3850 adscriptum.
1229 3739 1360 3832 Bello
1397 3740 1807 3851 Peloponnesiaco,
1846 3768 1894 3828 vt
1922 3741 2027 3826 rcle

662 3891 669 3901 ’
715 3856 719 3863 ⁴
770 3863 1028 3973 Thucydide
1062 3871 1252 3970 constat,
1292 3867 1628 3956 Atheniensibus
1666 3871 1891 3978 sasierunt,
1928 3867 2028 3956 iiullo

770 3991 1010 4103 admodum
1047 3994 1200 4104 insigni
1233 4017 1359 4080 motu
1399 4023 1558 4082 retum.
1625 4001 1768 4118 Quare
1808 4001 2027 4094 oraculum,

769 4138 821 4202 rt
875 4120 997 4227 supra
1047 4125 1195 4232 posui,
1254 4149 1460 4236 perquam
1506 4129 1804 4234 ignominiose
1850 4127 2030 4214 traslauit

771 4248 1031 4356 Aegienses,
1078 4271 1127 4337 rt
1165 4249 1450 4340 Achaeorum
1490 4257 1627 4368 longe
1672 4257 1913 4348 vilissimos.
1974 4252 2031 4340 All

1976 4377 2033 4464 ahi

865 4546 924 4624 (7)
943 4544 1045 4608 -Smbo
1066 4570 1094 4630 p.
1112 4551 1285 4633 aprgeodcni
1302 4571 1387 4632 anno,
1407 4575 1464 4635 quo
1476 4557 1634 4638 Syracusae.
1675 4561 1712 4624 V.
1731 4567 1814 4622 etiam
1836 4553 2037 4622 Heraclidem·

781 4627 894 4710 pren
914 4627 1080 4698 caecorum
1096 4637 1223 4719 μύω·
1242 4637 1286 4700 ad·
1304 4635 1453 4704 Gutus·
1494 4642 1551 4724 (ὅ)
1573 4661 1603 4723 r·
1626 4665 1696 4725 441·
1737 4645 1838 4730 <ma
1871 4643 1961 4746 sa'⁶··‚
2101 4664 2105 4675 ·
