4459 6017
760 543 899 626 ‚nav
1250 498 1437 604 resrr
1472 493 1725 596 rcunrcr

787 749 1082 865 Philopoemene
1115 748 1172 831 ad
1200 738 1422 854 Cyclieden,
1465 765 1709 856 nequaqnam
1739 759 1889 856 parem
1925 738 1993 824 illi
2024 746 2095 836 du.

792 907 890 985 cern,
938 869 1089 988 dilapsa
1130 897 1295 960 cernens
1330 871 1580 959 Achaeorum
1616 871 1802 972 auxilia,
1844 870 2092 984 redintgcn.

793 1006 1110 1106 uerat'lrellnm.
1179 1004 1424 1089 Decretum
1472 1003 1528 1086 est
1571 1027 1631 1100 eo
1684 1005 1729 1086 in
1786 1001 1989 1086 concilio
2044 1030 2084 1090 vt

794 1141 1019 1224 exercitus
1053 1140 1210 1218 'contre
1247 1131 1389 1218 Nabin
1428 1153 1680 1240 cogeretur.
1750 1129 1890 1218 Simul
1912 1131 2077 1240 Cythr-

798 1272 861 1352 dis
898 1266 1083 1348 alteram
1125 1283 1169 1346 et
1214 1259 1573 1370 Philopoemenis
1613 1261 1792 1344 tertiam
1834 1283 2076 1368 praeturam

781 1391 1187 1505 deprehendimus.
1255 1391 1311 1476 Et
1347 1391 1587 1497 Cycliaden
1625 1389 1784 1472 artibus
1807 1387 1999 1498 Philippi
2019 1417 2079 1476 re·

796 1529 860 1634 gis
901 1542 1152 1628 praeturam
1202 1510 1456 1620 obiinuiue,
1494 1517 1845 1624 Philopoemene
1882 1521 2078 1629 repulso,

797 1677 827 1758 e
879 1649 1110 1736 Plutarcho
1158 1648 1345 1736 constat.
1381 1652 1450 1751 (8)
1516 1653 1636 1734 Ante
1682 1645 2080 1756 Philopoemenem

800 1803 1061 1890 praetorem
1098 1775 1217 1858 fuisse
1244 1775 1514 1884 ,Lyhppum,
1550 1777 1650 1860 uide
1689 1797 1737 1862 ut
1776 1781 2079 1885 cognoverim.

628 1905 632 1910 ’
798 1907 1073 2006 Plutarchus,
1096 1908 1163 2010 (9)
1196 1907 1431 2016 Lysippum
1455 1893 1738 2014 praetorem,
1763 1903 1984 1992 Messeniis
2005 1933 2081 1992 ex·

800 2038 1003 2150 pugnatis
1036 2033 1182 2117 scribit
1219 2057 1401 2120 mouere
1441 2059 1531 2120 non
1567 2034 1713 2116 ausam
1749 2033 1829 2116 esse
1866 2039 1908 2116 in
1946 2035 2083 2146 Spar·

800 2190 952 2252 tanos:
991 2186 1034 2243 at
1069 2160 1471 2269 Philopoemenem
1510 2163 1730 2271 priuatam
1764 2165 1942 2246 suiscum
1965 2166 2086 2248 ciui·

803 2297 879 2377 bur
901 2290 1124 2378 Messenen
1156 2290 1341 2378 hostium
1374 2291 1584 2398 potestati
1623 2289 1832 2398 eripuisse.
1891 2291 2079 2378 Nullam

801 2443 958 2508 uotam
995 2423 1217 2528 temporis
1262 2421 1488 2528 apposnit:
1545 2419 1613 2504 sed
1657 2418 1771 2506 hunc
1814 2441 1876 2526 79
1919 2446 2080 2506 annum

804 2551 1048 2638 Achaicum
1070 2549 1266 2633 nobilem
1304 2549 1379 2632 illa
1419 2569 1626 2658 praeterr
1658 2548 1775 2634 fuisse
1813 2547 1868 2632 fic
1903 2550 2081 2660 colligo.
2204 2589 2205 2612 ι

802 2678 1004 2790 Polybius
1039 2679 1199 2782 tradit,
1241 2677 1499 2762 Machanida
1533 2677 1725 2782 sublaco,
1775 2677 1919 2764 Nebin
1952 2679 2078 2788 Spar·

779 2829 875 2902 ,tae
914 2803 1104 2890 inuasisse
1151 2807 1431 2913 tyrannidem
1477 2827 1522 2890 et
1566 2829 1654 2890 tres
1698 2831 1838 2922 rnnoe
1884 2806 2072 2918 quieuilse

805 2936 855 3018 rb
879 2957 1070 3019 externo
1089 2933 1237 3038 belle,
1275 2937 1435 3018 ciuibus
1471 2937 1778 3043 opprimendis
1812 2940 1943 3020 unire
1961 2961 2072 3022 occu·

808 3067 1107 3173 patum,(1o)
1141 3065 1257 3174 quod
1302 3085 1475 3171 tempus
1511 3063 1600 3148 sere
1640 3065 1791 3146 incidit
1830 3063 1918 3146 hoc
1951 3091 2081 3167 anno,

776 3241 781 3254 ·
803 3216 929 3296 cum,
962 3189 1246 3276 Machanidas
1266 3192 1405 3276 cresus
1426 3193 1657 3300 superioris
1677 3191 1954 3302 Olympiadis
1972 3217 2081 3278 anno

805 3319 996 3404 secundo
1044 3341 1249 3402 exeunte.
1319 3323 1409 3406 Irin
1455 3323 1826 3427 Philopoemene
1854 3343 2080 3430 praetore,

800 3475 932 3560 quern
978 3449 1028 3530 ab
1062 3449 1149 3556 ipsa
1188 3449 1432 3534 necessitate
1471 3450 1617 3558 legisse
1658 3451 1865 3534 videntur
1898 3452 2081 3554 Achaei,
2205 3557 2206 3560 y

809 3600 853 3660 et
892 3577 1385 3685 Messenerecupemta
1430 3577 1555 3682 laeti,
1610 3580 1773 3689 quieuit
1802 3579 1957 3668 Nabis:
1998 3581 2084 3688 Cy·
2205 3587 2206 3620 ¹

809 3701 948 3786 eliade
986 3727 1132 3786 antem
1177 3729 1411 3810 praetore,
1453 3729 1499 3790 vt
1522 3709 1595 3808 *ait
1618 3707 1780 3810 Liuius,
1817 3711 2083 3817 redintegra-

809 3834 874 3916 uit
916 3831 1097 3914 bellum.
1169 3838 1287 3918 Hace
1331 3838 1424 3945 quin
1472 3839 1645 3943 optime
1690 3836 1954 3943 cohaerent,
1988 3861 2082 3924 mo·

810 3981 918 4044 uent
956 3988 1024 4046 me
1064 3962 1186 4064 sane,
1230 3985 1275 4046 vt
1325 3964 1436 4068 hoc,
1480 3991 1568 4074 quo
1611 3965 1728 4064 dixi,
1775 3990 1890 4048 anno
1946 3975 2086 4079 potius

798 4089 1045 4198 ,leysrppum
1087 4112 1343 4196 praetorem
1367 4096 1636 4197 recenseam,
1673 4119 1797 4202 quem
1827 4097 2053 4204 superiori.

873 4223 878 4234 '
927 4218 1004 4300 lu.
1043 4219 1137 4299 Post
1177 4223 1356 4304 tertium
1415 4247 1660 4328 praeturum
1719 4221 2086 4332 Plairopoemenes

814 4367 998 4426 cernens
1049 4343 1316 4457 Philippum.
1352 4374 1500 4458 regem
1558 4352 1631 4434 sibi
1665 4351 1902 4458 aduersari,
1954 4375 2082 4464 neque

1891 4483 2083 4564 Achtlesss

897 4627 1094 4706 <na-³⁶2-
1142 4613 1586 4718 <9>'r·n³-<10>n.9a⁸.
2042 4621 2051 4638 '
