4459 6017
418 549 660 648 neuun
690 549 1173 670 renumeratos.
1366 589 1470 680 μγ
1547 488 1555 496 ”
1675 558 1680 567 ’

176 784 286 871 nihil
319 785 494 874 traxisse
530 785 749 886 asemas
784 785 827 878 Is
865 791 1044 904 quidem
1079 790 1471 886 vehementerer·

175 939 269 1020 rar,
308 919 379 1029 qui
418 915 529 1006 nihil
569 919 688 1006 secus
728 915 888 1008 sudium
933 939 1067 1034 putet
1111 924 1162 1008 in
1204 925 1469 1036 primordiis

175 1046 371 1134 Romani
409 1046 634 1152 nominis,
688 1071 822 1158 quam
865 1069 919 1134 ut
965 1051 1140 1161 scriptis
1183 1055 1467 1142 eruditorum

173 1169 414 1258 hominum
449 1177 723 1260 continetur.
790 1175 1034 1288 Ingenuam
1069 1180 1126 1266 T.
1156 1179 1271 1266 Liuii
1295 1181 1468 1269 confes·

175 1297 352 1387 fiunem
385 1304 513 1407 uide,
550 1325 623 1390 aut
640 1301 847 1416 Dionysii
874 1305 1255 1394 Halicarnassenlis
1272 1335 1300 1393 n
1315 1310 1368 1396 T.
1390 1313 1468 1399 Li·

175 1431 253 1516 uio
292 1429 616 1517 dissensionem.
684 1434 835 1520 Priscis
867 1456 1017 1522 autem
1046 1434 1225 1540 fibulis,
1266 1438 1395 1546 (quas
1440 1467 1467 1529 ι

171 1549 292 1662 lando
325 1560 398 1643 seu
433 1561 623 1646 obscuro
658 1587 843 1648 rumore
878 1545 1219 1650 haud'absurde
1263 1586 1472 1672 putamus

177 1689 294 1796 dici)
326 1691 465 1814 multa
509 1687 733 1802 figmento·
762 1691 994 1804 paullatim
1037 1691 1221 1779 admista
1261 1691 1467 1801 luerunt,

175 1843 288 1928 quue
320 1839 411 1928 pro
453 1817 529 1904 stro
581 1821 764 1931 quisque
799 1823 990 1932 ingenio
1037 1839 1115 1908 aut
1163 1822 1341 1908 rescidit
1391 1843 1470 1911 aut
1539 1871 1547 1880 ·

177 1947 501 2057 interpretatus
533 1947 610 2034 est.
674 1949 751 2036 Est
782 1971 939 2038 tamen
972 1947 1156 2036 difficile
1185 1949 1384 2038 inomni
1403 1949 1468 2038 sn·

174 2073 273 2160 bula
292 2077 481 2184 sentite,
510 2077 616 2188 quid
634 2075 725 2164 salsa
744 2080 973 2166 admistum
990 2081 1045 2164 stt
1061 2104 1205 2185 vero,
1239 2099 1314 2162 aut
1331 2103 1469 2190 quan·

176 2221 269 2288 tum
308 2205 357 2288 in
390 2228 543 2290 earum
580 2207 726 2318 aliqua
757 2227 886 2294 vetus
918 2233 1081 2292 rumor
1106 2233 1133 2320 n
1159 2208 1324 2317 putido
1337 2232 1468 2292 com·

175 2355 340 2416 mento
374 2336 624 2444 discrepet:
666 2333 1016 2421 multo'deinde
1063 2332 1286 2419 difficilius
1316 2333 1474 2440 esl,si

175 2459 451 2547 diuersorum
488 2461 765 2573 populorum
799 2464 996 2548 diuersae
1037 2461 1209 2546 fabulae
1247 2487 1384 2570 unum
1420 2464 1470 2551 in

174 2611 342 2700 corpus
378 2589 585 2675 confusae
616 2587 725 2677 sint:
760 2591 1101 2692 difficillimum,
1134 2587 1168 2673 sa
1202 2591 1274 2700 qni
1303 2589 1469 2680 eruditi

173 2715 414 2824 hominesp
447 2739 501 2803 ut
535 2721 784 2828 ompliores
824 2721 1167 2828 ornatioresque
1206 2719 1370 2828 priscas
1402 2713 1468 2804 so·

173 2855 327 2934 c‘etent
366 2847 553 2953 fabulas,
584 2851 687 2932 otio
720 2850 801 2932 suo
833 2851 1196 2960 intemperanter
1216 2845 1470 2954 fitntabuli,

176 2987 337 3060 eorum
374 2980 601 3086 pigmenta
620 3003 645 3062 a
664 2976 838 3060 rudibus
853 2973 1074 3062 fibulisut
1096 2977 1311 3086 seiungas.
1347 2975 1466 3093 Qua·

172 3127 245 3208 re,
280 3105 660 3213 quemadmodum
691 3104 879 3190 Flamini
908 3105 1033 3192 Diali
1066 3127 1165 3188 non
1196 3103 1359 3190 licebat
1389 3105 1467 3190 vel

174 3235 407 3315 nominare
446 3231 521 3316 rel
540 3253 724 3340 tangere
744 3231 917 3339 sabam,
951 3237 1014 3320 ita
1038 3233 1184 3318 videri
1207 3231 1333 3318 alicui
1363 3233 1468 3342 pos..

173 3357 249 3466 sit,
287 3386 313 3444 n
347 3361 503 3444 fabulis
536 3361 739 3447 omnibus
770 3363 986 3448 abstinere
1026 3383 1250 3480 oportere
1284 3361 1463 3447 historl·

173 3511 270 3574 eos.
333 3494 400 3576 At
435 3493 601 3576 timent
635 3491 829 3597 merito„
861 3515 920 3574 ne
954 3493 1011 3572 in·
1045 3485 1240 3574 obnuris
1276 3509 1462 3600 tempo·

173 3619 321 3724 ribus,
354 3619 481 3704 simul
515 3601 620 3712 ‚enm
661 3617 813 3705 sabulis
853 3641 1038 3726 tenuem
1078 3641 1218 3703 uerae
1255 3615 1467 3702 historiae

171 3754 446 3835 memoriam
480 3747 722 3855 amittant,
755 3772 846 3853 eo,
885 3765 939 3834 ut
973 3747 1156 3859 quisque
1195 3747 1362 3830 italicio
1383 3771 1462 3831 ta·

171 3873 270 3980 let‚.
304 3875 367 3962 ita
402 3903 520 3964 ueto
545 3877 701 3964 similia.
735 3877 778 3962 in
819 3875 1185 3964 lisconsedlutut.
1248 3872 1461 3962 Mihive·

171 4029 232 4088 ro
277 4003 441 4088 duabus
483 4007 543 4088 de
573 4005 723 4092 caudis
762 4031 861 4094 non
899 4007 1113 4094 uidentur
1144 4001 1468 4117 negligendam

173 4153 295 4237 tum,
334 4159 393 4218 ne
427 4135 524 4247 quis
559 4159 674 4226 vana
709 4155 758 4218 et
792 4137 1111 4222 eom-mentitio
1134 4158 1197 4220 ex
1229 4133 1290 4218 iis·
1318 4132 1460 4218 inhi-

172 4263 358 4348 storinm
392 4255 647 4374 importet,
674 4262 821 4350 nimio
850 4267 1021 4351 ueteris
1055 4262 1265 4352 rumoris
1290 4252 1465 4368 studio,

172 4414 292 4495 tum,
330 4393 358 4476 fi
396 4419 478 4504 qun
496 4397 544 4477 in
562 4395 642 4498 iis,
681 4393 801 4477 ueris·
823 4393 1122 4480 consentanea
1142 4389 1465 4495 transluceant,

173 4544 228 4608 eu
263 4541 316 4608 ut
353 4524 482 4614 nohis
509 4525 792 4638 seponamus.
860 4519 1274 4636 septemtrionales
1291 4514 1463 4604 fibulae

371 4677 376 4686 ·
1270 4648 1466 4746 eandem
