4459 6017
749 530 962 652 „a
1192 511 1424 618 ωτι
1454 510 1720 636 ararica
1814 447 1820 460 ’
1990 477 1997 560 ³

706 809 711 824 ·
829 761 1097 859 Ptolemaeo
1126 783 1232 870 rege
1245 817 1257 866 ,
1297 757 1369 844 alii
1392 759 1466 869 q'ui
1484 761 1634 848 Roma
1656 785 1679 844 a
1699 757 1853 849 Senatu
1870 759 2043 872 redierant

831 893 1058 1003 Vtrosque
1094 891 1268 975 miserat
1303 885 1677 998 Philopoemener
1716 911 1895 1002 praetor.
1959 899 2039 1011 Ergo

835 1047 953 1108 anuo
976 1047 1068 1106 uno
1101 1039 1209 1114 ante
1237 1016 1513 1110 Aristaenum
1553 1041 1736 1129 praetor
1768 1022 1965 1132 septimum
1987 1028 2038 1116 luit

830 1149 1224 1261 Philopoemener.
1295 1145 1472 1234 Miserat
1501 1170 1646 1232 aurem
1665 1147 2039 1260 Philopoemenesle.

830 1300 963 1392 gatos
978 1283 1202 1380 Romam,
1241 1275 1466 1394 postquam
1496 1275 1558 1362 Μ.
1581 1275 1769 1388 Lepidus
1788 1279 1884 1366 Cos.
1903 1282 2039 1366 ostende·

822 1428 924 1511 rar,
979 1405 1161 1504 Senatui
1201 1406 1459 1514 displicere,
1507 1429 1618 1514 quae
1665 1407 1709 1494 in
1746 1409 2039 1500 Lacedaemonios

830 1537 989 1625 statuta
1024 1531 1216 1636 suiffent,
1238 1538 1312 1640 (9)
1347 1553 1397 1619 ut
1428 1558 1484 1620 ex
1511 1560 1571 1620 co
1602 1534 1840 1649 intelligar,
1872 1563 1941 1650 quo
1966 1567 2036 1626 auru

836 1687 1089 1781 praeturam
1112 1661 1288 1770 gallecia
1310 1663 1690 1772 Plrilopocmcnea
1704 1681 1723 1768 ‚'
1756 1691 1829 1774 qua
1846 1667 1886 1750 in
1902 1691 2035 1776 praetura

842 1793 950 1876 belli
983 1792 1197 1878 Boeotici
1228 1789 1383 1880 caulsas
1417 1792 1649 1899 quaesiuit,
1691 1817 1826 1902 paene
1865 1815 1903 1878 ut
1933 1798 1962 1878 ir
1984 1799 2035 1880 riu

835 1925 1247 2030 crumperet-lxo)
1311 1922 1434 2006 Hunc
1463 1921 1507 2008 in
1538 1924 1724 2007 modum
1763 1946 1950 2032 praeturas
1972 1926 2034 2012 ola

838 2048 1206 2167 Philopoemenis
1225 2049 1448 2140 ordinatas
1468 2049 1734 2167 digestasque
1756 2051 1939 2140 habemur

955 2309 1082 2397 uun.
1117 2304 1347 2392 Diodorus
1386 2305 1551 2392 Siculus
1585 2308 1630 2390 in
1676 2310 1883 2418 excerptis
1908 2303 2032 2390 lairia-

835 2435 926 2535 nis,
948 2442 1019 2540 (a)
1052 2437 1107 2519 de
1128 2431 1490 2544 Philopoemene
1505 2437 1560 2518 src
1583 2439 1753 2524 scribit:
1789 2430 1963 2534 malleius
1988 2423 2036 2544 pir

833 2554 1067 2679 ςραἿηγίας
1085 2555 1272 2668 ἠξιώθη,
1313 2555 1620 2680 croocpriarr'lu
1653 2549 2038 2673 irrationalitatis

831 2686 1069 2807 ἠγέμενος.
1136 2693 1193 2776 Hi
1216 2693 1499 2804 quadraginta
1523 2695 1621 2778 anni
1645 2692 2033 2802 proceduutadrcim

839 2827 976 2907 tertia
998 2841 1203 2930 practura
1224 2825 1366 2908 Arari.
1431 2823 1555 2908 Tunc
1592 2849 1768 2932 quoquc
1796 2819 2034 2912 Plutarchum]

556 2995 565 3014 ·
705 2955 709 2961 ’
838 2971 941 3034 eum
972 2975 1111 3034 annos
1134 2972 1282 3034 aarum
1306 2952 1487 3058 triginta
1508 2954 1552 3032 irr
1578 2957 1752 3058 praelio
1773 2941 2037 3036 aduectuscleo·

661 3107 672 3116 ’
840 3102 1019 3161 meacm
1054 3103 1155 3160 cum
1186 3079 1382 3190 equitatu
1408 3077 1607 3167 Achaico
1637 3080 1821 3166 mirifice
1852 3083 1885 3162 se
1909 3068 2038 3161 catulla

839 3205 1002 3296 scribit,
1069 3204 1285 3313 Proelium
1316 3209 1452 3319 ipsum
1493 3232 1515 3290 a
1543 3209 1729 3320 Polybio
1761 3207 1976 3316 descriptum
1993 3197 2039 3278 lt·

839 3333 1005 3419 berum
1025 3339 1097 3443 (3)
1161 3334 1290 3424 Plane
1313 3339 1420 3431 haec
1447 3339 1737 3426 concordant.
1783 3345 1839 3426 Ar
1859 3337 2037 3422 abeuttrr·

820 3458 958 3576 'pore
992 3463 1020 3549 fi
1060 3467 1175 3549 dicas
1216 3465 1532 3577 rempublicam
1582 3469 1778 3554 tracialle
1808 3467 2039 3570 Philopoem-

841 3617 971 3697 αὓτη,
1013 3593 1122 3676 nihil
1151 3591 1240 3676 hoc
1271 3598 1326 3680 ad
1363 3614 1613 3704 praeturas,
1651 3600 1874 3682 ruralium
1894 3583 2043 3694 magistra·

830 3739 938 3837 *tum
970 3747 1099 3832 quem
1127 3721 1315 3828 gefferit.
1384 3727 1495 3811 Nam
1517 3723 1567 3806 ab
1588 3723 1682 3833 ipso
1715 3723 1876 3832 praelio
1895 3711 2043 3830 prosectu

843 3848 907 3934 cli
943 3850 989 3935 io
1025 3851 1234 3956 Cretam,
1283 3879 1364 3939 nec
1406 3852 1537 3936 rediit
1577 3849 1652 3938 nisr
1696 3853 1925 3964 Euryleone
1967 3856 2048 3948 prac-

844 3997 973 4084 torc,
1014 4002 1111 4063 cum
1154 3978 1275 4064 illico
1324 3981 1572 4092 magistrum
1617 3985 1811 4095 equitum
1853 4000 1935 4072 uum
1970 3967 2046 4074 legr-

844 4124 949 4197 tllnt
982 4107 1167 4201 achaei.
1232 4111 1367 4202 Tellia
1402 4108 1663 4202 Plutarchus.

1952 4307 2052 4412 caput

1841 4515 2022 4534 Μ

839 4523 1893 4760 mmai
1926 4571 1970 4652 (τ)
1986 4587 2006 4648 r·
2018 4553 2059 4645 ul·
