4459 6017
386 359 392 364 ’
458 419 700 524 aratu
729 369 1204 530 sctrfflcAnVnt
1288 347 1295 360 ¹
1369 432 1476 551 aas·

192 669 409 760 Romanis
442 669 611 757 terrori
644 667 766 756 suere
811 665 986 760 Getae·
1055 671 1208 760 Illos
1264 673 1481 770 seditiosis

192 801 351 885 ciuibus
385 801 576 906 sublato,
613 825 797 910 regnum
837 803 955 886 inter
988 798 1132 914 plures
1168 803 1390 917 principes
1406 777 1477 894 di-

191 929 459 1018 uisumsuit.
527 929 675 1017 Modo
713 953 869 1016 eorum
903 949 1092 1040 quatuor
1133 928 1334 1039 suerunt,
1378 960 1481 1021 mo.

190 1060 250 1143 do
286 1061 474 1172 quinque
510 1077 554 1142 et
592 1056 667 1143 uei
704 1061 851 1168 plures
888 1060 959 1142 vel
996 1060 1229 1170 pauciores
1270 1086 1474 1149 numero.

189 1187 689 1297 (6)·AnteAugusi1nn
739 1185 973 1274 Caesarem
1020 1189 1134 1272 adeo
1174 1188 1309 1274 validi
1355 1190 1480 1278 suere

188 1314 362 1421 Getae,
401 1339 449 1404 vt
490 1320 543 1402 ad
588 1315 775 1400 ducenta
812 1313 950 1400 millia
1007 1315 1050 1397 in
1106 1316 1246 1400 aciem
1302 1319 1479 1427 possent

188 1447 462 1554 producere,
500 1445 682 1553 Augusti
701 1467 814 1527 uero
836 1443 1140 1551 temporibus,
1175 1467 1271 1528 tum
1289 1447 1482 1532 dissidiis

189 1573 309 1658 inter
343 1575 413 1680 se,
439 1597 544 1658 tum
566 1572 717 1677 bellis,
739 1570 798 1656 fic
830 1571 977 1655 attriti
1012 1571 1134 1676 sont,
1173 1593 1222 1657 ut
1242 1574 1314 1661 sub
1345 1573 1490 1658 Tibe.
1580 1659 1585 1666 ,

188 1703 244 1783 rii
282 1697 486 1788 Caesaris
514 1721 705 1787 aetatem
744 1699 905 1788 Strabo
943 1701 1154 1805 testetur,
1212 1725 1306 1784 non
1358 1701 1480 1788 fuisse

188 1828 377 1938 amplius
419 1857 549 1942 quam
595 1831 881 1940 quadraginta
925 1829 1063 1912 millia
1120 1829 1355 1934 uirorum,
1407 1832 1482 1944 qui

188 1980 309 2071 arrpa
344 1959 525 2044 ferrent.
593 1957 731 2048 Getas
768 1981 816 2044 vt
847 1956 1014 2067 opinor
1053 1959 1188 2061 dicit,
1228 1958 1365 2068 quiin
1386 1985 1482 2045 ma·

186 2086 334 2170 iorum
385 2088 550 2174 sedibus
594 2086 952 2196 permanserant,
1008 2111 1108 2168 eum
1157 2088 1299 2172 ceteri
1343 2111 1486 2173 nouas

186 2209 455 2323 quaessisent.
527 2217 713 2300 Huiusce
752 2216 815 2298 rei
853 2214 1063 2297 indicium
1103 2215 1163 2310 est
1210 2202 1339 2322 capta
1376 2235 1483 2308 ante

187 2343 240 2432 C.
266 2345 322 2432 N·
362 2375 442 2452 94.
479 2341 618 2428 Olbia.
685 2345 744 2426 Et
784 2339 887 2423 inde
925 2339 1018 2424 sere
1054 2342 1099 2422 in
1123 2339 1341 2450 Scythicis
1360 2367 1484 2428 eam·

185 2475 256 2583 pis
277 2471 541 2584 frequentius
569 2471 787 2560 Getarum
822 2493 1018 2571 nomen,
1056 2492 1185 2576 quam
1216 2467 1482 2580 Scytharum

187 2602 260 2687 est.
333 2602 418 2690 Sed
457 2601 510 2684 de
549 2601 614 2682 his
657 2600 784 2683 rebus
831 2597 1022 2707 praestat
1063 2596 1286 2704 copiosius
1332 2597 1484 2682 dicere

187 2729 233 2814 in
273 2728 515 2816 Memoriis
549 2725 750 2832 Getieis,
786 2748 916 2836 quam
954 2724 1042 2810 hoc
1080 2723 1208 2811 ioco.

304 2988 421 3074 Nam
461 3010 544 3070 nos
561 2987 646 3070 ‘hic
683 2983 831 3095 potius
867 2982 1063 3072 dicemus
1085 2983 1139 3068 de
1164 2981 1340 3072 Otisino
1360 2975 1478 3067 einsss

187 3139 271 3226 que
307 3116 601 3226 expeditione
623 3119 666 3198 in
687 3111 1059 3222 septentrionales
1078 3117 1310 3222 regiones,
1345 3135 1479 3223 quam

187 3247 233 3326 in
274 3243 338 3326 his
375 3243 544 3334 Geticis
566 3243 867 3356 Scythicisque
897 3242 1032 3326 turbis
1051 3243 1286 3328 contineri
1318 3242 1479 3326 sentio.

188 3373 345 3460 Othini
381 3377 600 3459 memoria
637 3399 763 3478 uera,
796 3392 845 3454 vt
885 3391 1020 3482 puto,
1060 3372 1141 3475 est,
1175 3371 1247 3455 scd
1268 3371 1382 3454 adeo
1404 3372 1482 3453 de·

188 3499 379 3590 formata
420 3503 471 3586 ab
512 3501 733 3610 figmentis
773 3516 872 3608 tum·
906 3501 1177 3608 vulgaribus,
1210 3497 1474 3584 tumetudi-

189 3633 264 3736 tis,
303 3653 352 3718 vt
390 3631 707 3716 uix‘tolorem
747 3627 963 3739 quendam
1009 3630 1211 3714 ueritatis
1256 3629 1482 3730 retineat,

187 3779 323 3868 utque
359 3763 519 3843 mirum
557 3787 649 3846 non
686 3758 770 3865 stt„
807 3781 906 3840 curn
940 3756 985 3840 in
1010 3756 1201 3869 hisquae
1222 3755 1276 3840 de
1297 3739 1365 3840 ¹co
1386 3774 1479 3840 tta·

191 3885 375 3990 duntur,
410 3907 532 3972 tanta
582 3889 722 3975 exstet
772 3887 887 3995 apud
933 3883 1167 3999 scriptores
1207 3882 1483 3994 septentrio·

190 4017 310 4099 nsles
332 4013 544 4100 dissensio.
610 4017 732 4102 Dum
758 4037 842 4123 pro
861 3992 904 4100 ίί
921 4016 1100 4125 quisque
1122 4014 1272 4100 omnia
1293 4013 1347 4096 ad
1365 4012 1484 4098 suam

190 4129 371 4250 gentem
410 4143 575 4247 trahit,
615 4146 715 4225 dum
737 4142 878 4226 aliena
916 4147 1115 4254 appetit,
1151 4167 1247 4228 non
1283 4161 1490 4253 apparet,

190 4275 294 4382 qnid
341 4291 492 4359 teneat
548 4271 805 4480 tamquamT
826 4275 1062 4382 proprium
1112 4270 1186 4358 nel
1220 4273 1268 4356 in
1304 4269 1489 4479 historia¹

306 4418 311 4426 ·
821 4417 886 4502 ta
1408 4423 1463 4480 ue

276 4547 333 4631 (6)
356 4544 455 4614 strabo
485 4558 516 4620 p,
545 4556 615 4604 asos
