4459 6017
195 533 290 632 ro
321 526 996 668 murmurmurmur
1022 534 1287 648 monuo.
1338 572 1446 670 a„

160 784 455 897 permixtas„
507 777 648 882 ¹Datis
681 783 830 894 itaque
868 781 1013 864 curuis
1043 783 1313 870 laminarum
1355 781 1444 868 hoc

80 989 83 994 .
126 914 305 1001 ‘modo
343 928 494 1031 motus
527 910 759 998 trochleae
794 914 1073 1016 inuenietur,
1110 936 1156 998 et
1194 914 1294 998 inde
1318 912 1458 1028 oscile

161 1042 349 1128 sationes
362 1095 378 1149 ,
418 1040 470 1126 de
497 1041 650 1152 quibus
667 1044 849 1130 iudicari
861 1042 1063 1152 poterit,
1084 1059 1236 1127 utrum
1253 1041 1337 1133 sint
1358 1043 1447 1130 iso·

161 1171 383 1279 chronae,
417 1195 473 1255 an
508 1171 641 1256 secus.

281 1422 319 1523 §.
364 1458 439 1514 11.
478 1425 826 1522 confideremus
861 1453 1093 1514 nunceam
1115 1429 1449 1538 conditionem,

158 1587 242 1673 qua
285 1560 590 1659 oscillationes
626 1557 1142 1647 trochleaeisochronae
1162 1559 1246 1645 effe
1269 1560 1449 1644 debent.

157 1695 448 1801 Accipiamus
480 1695 529 1776 iu
561 1687 917 1774 circumferentia
956 1686 1190 1774 trochleae
1220 1691 1451 1798 punctum,
1626 1721 1635 1736 ·

160 1823 281 1931 quod
318 1820 365 1912 iu
402 1816 562 1914 infimo
596 1816 709 1902 loco
736 1817 814 1903 siut
852 1815 1057 1902 machina
1095 1817 1371 1928 quiescente,
1404 1818 1449 1902 id

159 1949 282 2060 quod
321 1947 380 2036 est
422 1949 629 2058 puuctum
669 1948 729 2036 Ο.
793 1945 980 2036 Necesse
1019 1973 1134 2058 ergo
1177 1947 1263 2048 est,
1300 1966 1349 2030 ut
1401 1967 1447 2034 et

156 2079 250 2166 boc
294 2079 503 2190 puneium
551 2073 852 2162 oscillationes
896 2073 1156 2163 isorhronrs
1206 2073 1448 2182 conficiar,

48 2235 53 2242 ·
156 2209 233 2294 seu
266 2226 336 2294 ut·
355 2206 602 2318 aequalibus
635 2203 943 2315 temporibus,
975 2207 1220 2316 ubicunque
1270 2227 1449 2292 motum

153 2336 466 2442 inchonuerit,
520 2335 577 2420 ad
613 2333 818 2420 infimum
868 2336 1079 2444 putescum
1113 2335 1155 2422 Β
1201 2337 1450 2444 perueniat·
1523 2345 1526 2350 “

153 2469 234 2563 Ad
269 2467 359 2554 hoc
393 2486 616 2578 oportet,
647 2485 700 2551 ut
736 2461 1083 2550 acceleratiouea
1112 2466 1256 2573 pune'ti
1276 2466 1445 2550 Ouer-

154 2596 224 2684 sus
259 2596 300 2683 B
337 2594 419 2682 fint
452 2616 504 2683 ut
541 2596 643 2680 uiae
663 2592 999 2698 describendae,
1036 2594 1186 2680 donee
1209 2593 1322 2680 adli
1343 2579 1449 2706 per‘·
1509 2629 1518 2638 ·

153 2727 369 2829 ueniant,
405 2724 451 2809 id
487 2725 575 2827 esi,
612 2741 663 2807 rt
708 2719 856 2834 anguli
900 2721 1052 2812 OAB.
1118 2724 1192 2808 Ex
1227 2746 1317 2832 quo
1352 2723 1450 2810 fluit

71 2953 77 2966 Ι
154 2854 259 2944 sore
292 2855 445 2944 duur
477 2851 694 2987 BQOq,
729 2875 861 2963 pono
897 2871 1049 2934 autem
1082 2848 1445 2964 adv·':B0.00.
1497 2911 1520 2930 ..
1569 2917 1601 2932 ..

281 3101 318 3204 5.
361 3141 441 3200 12.
475 3097 645 3199 Vaiore
683 3106 772 3199 hoc
810 3107 918 3199 ioco
954 3114 1015 3200 du
1047 3109 1091 3198 in
1114 3110 1339 3224 superiore
1372 3139 1444 3200 ae·

152 3245 374 3356 quatione
412 3242 666 3345 substituto,
709 3241 819 3327 haec
864 3245 1072 3354 prouenit
1113 3247 1322 3355 aequatio
1357 3246 1447 3363 31³,

151 3371 1194 3466 no.Bo.00:st.a.m1.oo-s.a.NK.ou·
1258 3373 1446 3460 Druida-

152 3525 229 3590 tur
268 3531 352 3614 per
374 3502 472 3606 Oo,
512 3523 559 3588 et
594 3499 922 3612 multipiicetur
954 3529 1041 3616 per
1076 3529 1118 3588 ε.
1189 3504 1365 3590 orietur
1397 3505 1446 3590 P.

151 3629 975 3731 no.³130:21t.nm1-2s.a.1u1<.
1043 3633 1463 3749 Quaeadifferen·

150 3764 337 3868 tialibus
364 3763 680 3874 quantitatibus
714 3763 893 3874 prorsus
926 3763 986 3847 esi
1023 3760 1178 3846 libera.
1243 3763 1450 3862 Mutetur

151 3891 385 4007 pauluium
421 3889 863 4004 constans,·eritque
896 3890 1445 3984 nbrssnozreml-s',

151 4027 275 4114 NK·
337 4021 486 4108 Potest
503 4043 653 4108 autem
669 4046 766 4133 ang.
786 4023 873 4120 BA
887 4021 933 4110 0
962 4025 1010 4106 iu
1034 4022 1141 4134 ipsis
1162 4026 1306 4110 curuis
1327 4023 1448 4130 AM,

149 4155 265 4244 AN
310 4150 540 4256 exhiberi,
575 4173 620 4236 et
654 4153 973 4263 quantitatibus
1006 4155 1062 4237 ed
1100 4177 1175 4240 eas
1216 4157 1445 4265 pertinen

51 4342 56 4352 ·
152 4285 276 4394 tibus
306 4284 517 4389 exprimi.
580 4283 714 4368 Vnde
747 4285 939 4395 sequitur
958 4283 1269 4397 aequationem
1290 4285 1447 4370 irruens

152 4431 259 4502 tarn
293 4411 491 4512 sufficere
521 4413 580 4498 ad
612 4410 849 4524 problema
884 4410 1163 4506 soluendum.

658 4689 664 4693 “
736 4671 848 4781 Tg
1268 4637 1448 4780 'bem
