<?xml version="1.0" encoding="UTF-8"?>
<!DOCTYPE html PUBLIC "-//W3C//DTD XHTML 1.0 Transitional//EN"
    "http://www.w3.org/TR/xhtml1/DTD/xhtml1-transitional.dtd">
<html xmlns="http://www.w3.org/1999/xhtml" xml:lang="en" lang="en">
 <head>
  <title>
</title>
<meta http-equiv="Content-Type" content="text/html;charset=utf-8" />
  <meta name='ocr-system' content='tesseract 3.04.00' />
  <meta name='ocr-capabilities' content='ocr_page ocr_carea ocr_par ocr_line ocrx_word'/>
</head>
<body>
  <div class='ocr_page' id='page_1' title='image "./commentariiacad03sssrgoog_0412.png"; bbox 0 0 4459 6017; ppageno 0'>
   <div class='ocr_carea' id='block_1_1' title="bbox 776 518 1718 680">
    <p class='ocr_par' dir='ltr' id='par_1_1' title="bbox 776 518 1718 680">
     <span class='ocr_line' id='line_1_1' title="bbox 776 518 1718 680; baseline -0.015 -26"><span class='ocrx_word' id='word_1_1' title='bbox 776 563 878 680; x_wconf 53' lang='grc' dir='ltr'>’με</span> <span class='ocrx_word' id='word_1_2' title='bbox 1045 518 1048 525; x_wconf 71' lang='grc'><em>“</em></span> <span class='ocrx_word' id='word_1_3' title='bbox 1106 518 1350 674; x_wconf 67' lang='grc' dir='ltr'><em>ΝγΜνε</em></span> <span class='ocrx_word' id='word_1_4' title='bbox 1382 539 1718 646; x_wconf 76' lang='lat' dir='ltr'>AEGIENsls</span> 
     </span>
    </p>
   </div>
   <div class='ocr_carea' id='block_1_2' title="bbox 780 779 2088 900">
    <p class='ocr_par' dir='ltr' id='par_1_2' title="bbox 780 779 2088 900">
     <span class='ocr_line' id='line_1_2' title="bbox 780 779 2088 900; baseline -0.01 -12"><span class='ocrx_word' id='word_1_5' title='bbox 780 800 848 888; x_wconf 81' lang='lat' dir='ltr'>eii</span> <span class='ocrx_word' id='word_1_6' title='bbox 878 795 1024 884; x_wconf 80' lang='lat' dir='ltr'>eludes</span> <span class='ocrx_word' id='word_1_7' title='bbox 1053 779 1081 880; x_wconf 69' lang='lat' dir='ltr'>&#39;a</span> <span class='ocrx_word' id='word_1_8' title='bbox 1115 814 1264 880; x_wconf 82' lang='lat' dir='ltr'>tetrae</span> <span class='ocrx_word' id='word_1_9' title='bbox 1311 811 1442 879; x_wconf 84' lang='lat' dir='ltr'>motu</span> <span class='ocrx_word' id='word_1_10' title='bbox 1483 810 1531 876; x_wconf 90' lang='lat' dir='ltr'>et</span> <span class='ocrx_word' id='word_1_11' title='bbox 1571 785 1777 878; x_wconf 74' lang='lat' dir='ltr'>dudiibu&#39;e</span> <span class='ocrx_word' id='word_1_12' title='bbox 1831 785 1990 878; x_wconf 78' lang='lat' dir='ltr'>maris.</span> <span class='ocrx_word' id='word_1_13' title='bbox 2014 791 2088 900; x_wconf 78' lang='lat' dir='ltr'>(a)</span> 
     </span>
    </p>
   </div>
   <div class='ocr_carea' id='block_1_3' title="bbox 631 903 2148 1032">
    <p class='ocr_par' dir='ltr' id='par_1_3' title="bbox 631 903 2148 1032">
     <span class='ocr_line' id='line_1_3' title="bbox 631 903 2148 1032; baseline -0.007 -19"><span class='ocrx_word' id='word_1_14' title='bbox 631 981 639 995; x_wconf 78' lang='lat'><em>-</em></span> <span class='ocrx_word' id='word_1_15' title='bbox 779 929 954 1022; x_wconf 79' lang='lat' dir='ltr'>Achaei</span> <span class='ocrx_word' id='word_1_16' title='bbox 989 928 1081 1012; x_wconf 81' lang='lat' dir='ltr'>hec</span> <span class='ocrx_word' id='word_1_17' title='bbox 1113 925 1161 1008; x_wconf 88' lang='lat' dir='ltr'>in</span> <span class='ocrx_word' id='word_1_18' title='bbox 1198 925 1464 1032; x_wconf 83' lang='lat' dir='ltr'><strong>religionem</strong></span> <span class='ocrx_word' id='word_1_19' title='bbox 1500 915 2082 1025; x_wconf 74' lang='lat' dir='ltr'>uertentes,10uibussu2</span> <span class='ocrx_word' id='word_1_20' title='bbox 2138 903 2148 934; x_wconf 89' lang='lat'>&#39;</span> 
     </span>
    </p>
   </div>
   <div class='ocr_carea' id='block_1_4' title="bbox 689 1045 2080 3088">
    <p class='ocr_par' dir='ltr' id='par_1_4' title="bbox 689 1045 2080 3088">
     <span class='ocr_line' id='line_1_4' title="bbox 781 1045 2080 1168; baseline -0.008 -21"><span class='ocrx_word' id='word_1_21' title='bbox 781 1057 859 1148; x_wconf 75' lang='lat' dir='ltr'>sabi</span> <span class='ocrx_word' id='word_1_22' title='bbox 893 1053 1012 1142; x_wconf 85' lang='lat' dir='ltr'>sacta</span> <span class='ocrx_word' id='word_1_23' title='bbox 1045 1051 1207 1134; x_wconf 82' lang='lat' dir='ltr'>habere</span> <span class='ocrx_word' id='word_1_24' title='bbox 1251 1053 1475 1136; x_wconf 79' lang='lat' dir='ltr'>iufferunt.</span> <span class='ocrx_word' id='word_1_25' title='bbox 1543 1045 1750 1168; x_wconf 81' lang='lat' dir='ltr'>Quamuis</span> <span class='ocrx_word' id='word_1_26' title='bbox 1796 1051 1935 1160; x_wconf 83' lang='lat' dir='ltr'>igitur</span> <span class='ocrx_word' id='word_1_27' title='bbox 1979 1050 2080 1162; x_wconf 71' lang='lat' dir='ltr'>poll</span> 
     </span>
     <span class='ocr_line' id='line_1_5' title="bbox 689 1178 2077 1290; baseline -0.007 -14"><span class='ocrx_word' id='word_1_28' title='bbox 689 1215 697 1232; x_wconf 85' lang='lat'><strong><em>‘</em></strong></span> <span class='ocrx_word' id='word_1_29' title='bbox 777 1188 905 1276; x_wconf 83' lang='lat' dir='ltr'>istam</span> <span class='ocrx_word' id='word_1_30' title='bbox 926 1183 1096 1268; x_wconf 86' lang='lat' dir='ltr'>cladem</span> <span class='ocrx_word' id='word_1_31' title='bbox 1120 1205 1222 1290; x_wconf 85' lang='lat' dir='ltr'>ager</span> <span class='ocrx_word' id='word_1_32' title='bbox 1244 1183 1391 1264; x_wconf 86' lang='lat' dir='ltr'>omnis</span> <span class='ocrx_word' id='word_1_33' title='bbox 1408 1178 1645 1266; x_wconf 84' lang='lat' dir='ltr'>Heliceufis</span> <span class='ocrx_word' id='word_1_34' title='bbox 1661 1179 1950 1288; x_wconf 82' lang='lat' dir='ltr'>Aegienfibua</span> <span class='ocrx_word' id='word_1_35' title='bbox 1972 1183 2077 1268; x_wconf 84' lang='lat' dir='ltr'>esset</span> 
     </span>
     <span class='ocr_line' id='line_1_6' title="bbox 781 1307 2076 1419; baseline -0.005 -17"><span class='ocrx_word' id='word_1_36' title='bbox 781 1314 1040 1410; x_wconf 83' lang='lat' dir='ltr'>attributus,</span> <span class='ocrx_word' id='word_1_37' title='bbox 1061 1315 1153 1416; x_wconf 74' lang='lat' dir='ltr'>(a)</span> <span class='ocrx_word' id='word_1_38' title='bbox 1188 1307 1336 1392; x_wconf 81' lang='lat' dir='ltr'>tamen</span> <span class='ocrx_word' id='word_1_39' title='bbox 1373 1310 1425 1392; x_wconf 84' lang='lat' dir='ltr'>ad</span> <span class='ocrx_word' id='word_1_40' title='bbox 1457 1309 1601 1395; x_wconf 85' lang='lat' dir='ltr'>sanum</span> <span class='ocrx_word' id='word_1_41' title='bbox 1646 1309 1852 1419; x_wconf 85' lang='lat' dir='ltr'>Neptuni</span> <span class='ocrx_word' id='word_1_42' title='bbox 1892 1311 2076 1398; x_wconf 82' lang='lat' dir='ltr'>Helico·</span> 
     </span>
     <span class='ocr_line' id='line_1_7' title="bbox 697 1435 2072 1550; baseline -0.001 -23"><span class='ocrx_word' id='word_1_43' title='bbox 697 1454 701 1460; x_wconf 81' lang='grc'><strong>’</strong></span> <span class='ocrx_word' id='word_1_44' title='bbox 785 1445 848 1550; x_wconf 79' lang='lat' dir='ltr'>nii</span> <span class='ocrx_word' id='word_1_45' title='bbox 877 1467 968 1526; x_wconf 86' lang='lat' dir='ltr'>uon</span> <span class='ocrx_word' id='word_1_46' title='bbox 1000 1435 1190 1540; x_wconf 77' lang='lat' dir='ltr'>Achaei,</span> <span class='ocrx_word' id='word_1_47' title='bbox 1229 1440 1303 1522; x_wconf 79' lang='lat' dir='ltr'>led</span> <span class='ocrx_word' id='word_1_48' title='bbox 1332 1436 1470 1524; x_wconf 88' lang='lat' dir='ltr'>Iones</span> <span class='ocrx_word' id='word_1_49' title='bbox 1514 1436 1825 1544; x_wconf 71' lang='lat' dir='ltr'>satisfecere,</span> <span class='ocrx_word' id='word_1_50' title='bbox 1869 1443 1923 1524; x_wconf 87' lang='lat' dir='ltr'>ad</span> <span class='ocrx_word' id='word_1_51' title='bbox 1955 1439 2072 1530; x_wconf 84' lang='lat' dir='ltr'>Stra·</span> 
     </span>
     <span class='ocr_line' id='line_1_8' title="bbox 778 1566 2075 1679; baseline -0.001 -23"><span class='ocrx_word' id='word_1_52' title='bbox 778 1573 910 1660; x_wconf 80' lang='lat' dir='ltr'>bonis</span> <span class='ocrx_word' id='word_1_53' title='bbox 944 1593 1073 1679; x_wconf 75' lang='lat' dir='ltr'>esque</span> <span class='ocrx_word' id='word_1_54' title='bbox 1108 1589 1317 1656; x_wconf 79' lang='lat' dir='ltr'>aetatem.</span> <span class='ocrx_word' id='word_1_55' title='bbox 1388 1566 1548 1656; x_wconf 80' lang='lat' dir='ltr'>Clades</span> <span class='ocrx_word' id='word_1_56' title='bbox 1593 1568 1845 1668; x_wconf 77' lang='lat' dir='ltr'>Heliconia,</span> <span class='ocrx_word' id='word_1_57' title='bbox 1880 1573 2075 1656; x_wconf 86' lang='lat' dir='ltr'>eiusdem</span> 
     </span>
     <span class='ocr_line' id='line_1_9' title="bbox 784 1694 2074 1811; baseline -0.002 -25"><span class='ocrx_word' id='word_1_58' title='bbox 784 1701 1046 1787; x_wconf 84' lang='lat' dir='ltr'>testimonio</span> <span class='ocrx_word' id='word_1_59' title='bbox 1081 1695 1323 1798; x_wconf 77' lang='lat' dir='ltr'><strong>Strabonis,</strong></span> <span class='ocrx_word' id='word_1_60' title='bbox 1353 1694 1518 1780; x_wconf 83' lang='lat' dir='ltr'>duobus</span> <span class='ocrx_word' id='word_1_61' title='bbox 1555 1719 1657 1782; x_wconf 83' lang='lat' dir='ltr'>ante</span> <span class='ocrx_word' id='word_1_62' title='bbox 1688 1695 1966 1785; x_wconf 73' lang='lat' dir='ltr'>Leustricam</span> <span class='ocrx_word' id='word_1_63' title='bbox 1994 1727 2074 1811; x_wconf 91' lang='lat' dir='ltr'>pu·</span> 
     </span>
     <span class='ocr_line' id='line_1_10' title="bbox 780 1817 2074 1940; baseline 0.002 -27"><span class='ocrx_word' id='word_1_64' title='bbox 780 1855 914 1940; x_wconf 84' lang='lat' dir='ltr'>gnam</span> <span class='ocrx_word' id='word_1_65' title='bbox 948 1828 1073 1912; x_wconf 88' lang='lat' dir='ltr'>anuis</span> <span class='ocrx_word' id='word_1_66' title='bbox 1106 1817 1323 1938; x_wconf 83' lang='lat' dir='ltr'>contigit.¹</span> <span class='ocrx_word' id='word_1_67' title='bbox 1382 1829 1624 1935; x_wconf 86' lang='lat' dir='ltr'>Pugnatum</span> <span class='ocrx_word' id='word_1_68' title='bbox 1666 1827 1753 1930; x_wconf 82' lang='lat' dir='ltr'>est,</span> <span class='ocrx_word' id='word_1_69' title='bbox 1795 1825 2074 1939; x_wconf 70' lang='lat' dir='ltr'>Olympiadis</span> 
     </span>
     <span class='ocr_line' id='line_1_11' title="bbox 779 1957 2074 2074; baseline -0.005 -25"><span class='ocrx_word' id='word_1_70' title='bbox 779 1957 882 2050; x_wconf 86' lang='lat' dir='ltr'>c11.</span> <span class='ocrx_word' id='word_1_71' title='bbox 920 1983 1040 2042; x_wconf 89' lang='lat' dir='ltr'>anuo</span> <span class='ocrx_word' id='word_1_72' title='bbox 1075 1963 1217 2040; x_wconf 89' lang='lat' dir='ltr'>tertio</span> <span class='ocrx_word' id='word_1_73' title='bbox 1250 1959 1454 2041; x_wconf 86' lang='lat' dir='ltr'>ineunte:</span> <span class='ocrx_word' id='word_1_74' title='bbox 1488 1977 1634 2040; x_wconf 86' lang='lat' dir='ltr'>terrae</span> <span class='ocrx_word' id='word_1_75' title='bbox 1656 1974 1784 2040; x_wconf 89' lang='lat' dir='ltr'>motu</span> <span class='ocrx_word' id='word_1_76' title='bbox 1804 1960 1941 2074; x_wconf 79' lang='lat' dir='ltr'>igitur</span> <span class='ocrx_word' id='word_1_77' title='bbox 1961 1985 2074 2044; x_wconf 86' lang='lat' dir='ltr'><strong>con·</strong></span> 
     </span>
     <span class='ocr_line' id='line_1_12' title="bbox 782 2083 2072 2196; baseline -0.002 -22"><span class='ocrx_word' id='word_1_78' title='bbox 782 2089 895 2176; x_wconf 83' lang='lat' dir='ltr'>tussa</span> <span class='ocrx_word' id='word_1_79' title='bbox 928 2085 986 2172; x_wconf 83' lang='lat' dir='ltr'>est</span> <span class='ocrx_word' id='word_1_80' title='bbox 1018 2085 1171 2172; x_wconf 86' lang='lat' dir='ltr'><strong>Helice</strong></span> <span class='ocrx_word' id='word_1_81' title='bbox 1204 2085 1484 2194; x_wconf 75' lang='lat' dir='ltr'>Olympiadis</span> <span class='ocrx_word' id='word_1_82' title='bbox 1506 2083 1581 2174; x_wconf 86' lang='lat' dir='ltr'>CL</span> <span class='ocrx_word' id='word_1_83' title='bbox 1605 2105 1724 2170; x_wconf 81' lang='lat' dir='ltr'>anno</span> <span class='ocrx_word' id='word_1_84' title='bbox 1743 2106 1910 2196; x_wconf 80' lang='lat' dir='ltr'>quartu⁴</span> <span class='ocrx_word' id='word_1_85' title='bbox 1947 2087 2072 2172; x_wconf 88' lang='lat' dir='ltr'>Eum</span> 
     </span>
     <span class='ocr_line' id='line_1_13' title="bbox 780 2211 2076 2320; baseline -0.008 -19"><span class='ocrx_word' id='word_1_86' title='bbox 780 2241 943 2301; x_wconf 81' lang='lat' dir='ltr'>aunum</span> <span class='ocrx_word' id='word_1_87' title='bbox 977 2213 1196 2299; x_wconf 85' lang='lat' dir='ltr'>Pausanias</span> <span class='ocrx_word' id='word_1_88' title='bbox 1211 2217 1281 2320; x_wconf 85' lang='lat'>(4)</span> <span class='ocrx_word' id='word_1_89' title='bbox 1318 2211 1485 2296; x_wconf 82' lang='lat' dir='ltr'>disertis</span> <span class='ocrx_word' id='word_1_90' title='bbox 1516 2213 1660 2298; x_wconf 80' lang='lat' dir='ltr'>verbis</span> <span class='ocrx_word' id='word_1_91' title='bbox 1693 2214 1843 2320; x_wconf 82' lang='lat' dir='ltr'>edidit,</span> <span class='ocrx_word' id='word_1_92' title='bbox 1885 2235 1936 2298; x_wconf 75' lang='lat' dir='ltr'>vt</span> <span class='ocrx_word' id='word_1_93' title='bbox 1971 2215 2076 2308; x_wconf 55' lang='lat' dir='ltr'>Eue</span> 
     </span>
     <span class='ocr_line' id='line_1_14' title="bbox 777 2324 2074 2454; baseline -0.006 -24"><span class='ocrx_word' id='word_1_94' title='bbox 777 2345 939 2432; x_wconf 65' lang='lat' dir='ltr'>rebium</span> <span class='ocrx_word' id='word_1_95' title='bbox 976 2363 1070 2422; x_wconf 86' lang='lat' dir='ltr'>nou</span> <span class='ocrx_word' id='word_1_96' title='bbox 1102 2365 1361 2444; x_wconf 84' lang='lat' dir='ltr'><strong>moremur,</strong></span> <span class='ocrx_word' id='word_1_97' title='bbox 1397 2343 1471 2452; x_wconf 87' lang='lat' dir='ltr'>qui</span> <span class='ocrx_word' id='word_1_98' title='bbox 1501 2341 1556 2428; x_wconf 87' lang='lat' dir='ltr'>ad</span> <span class='ocrx_word' id='word_1_99' title='bbox 1586 2341 1900 2454; x_wconf 78' lang='lat' dir='ltr'>Olympiadem</span> <span class='ocrx_word' id='word_1_100' title='bbox 1920 2343 1976 2433; x_wconf 81' lang='lat' dir='ltr'>C.</span> <span class='ocrx_word' id='word_1_101' title='bbox 1997 2324 2074 2432; x_wconf 75' lang='lat' dir='ltr'>ae.</span> 
     </span>
     <span class='ocr_line' id='line_1_15' title="bbox 775 2467 2072 2584; baseline -0.001 -24"><span class='ocrx_word' id='word_1_102' title='bbox 775 2473 886 2560; x_wconf 79' lang='lat' dir='ltr'>fert.</span> <span class='ocrx_word' id='word_1_103' title='bbox 957 2471 1017 2561; x_wconf 86' lang='lat' dir='ltr'>Et</span> <span class='ocrx_word' id='word_1_104' title='bbox 1044 2467 1305 2558; x_wconf 80' lang='lat' dir='ltr'>Aristoteles</span> <span class='ocrx_word' id='word_1_105' title='bbox 1335 2494 1447 2556; x_wconf 80' lang='lat' dir='ltr'>uero</span> <span class='ocrx_word' id='word_1_106' title='bbox 1482 2469 1526 2555; x_wconf 89' lang='lat' dir='ltr'>iu</span> <span class='ocrx_word' id='word_1_107' title='bbox 1568 2471 1946 2584; x_wconf 86' lang='lat' dir='ltr'>meteorologieis</span> <span class='ocrx_word' id='word_1_108' title='bbox 1981 2493 2072 2560; x_wconf 84' lang='lat' dir='ltr'>tra·</span> 
     </span>
     <span class='ocr_line' id='line_1_16' title="bbox 785 2587 2069 2714; baseline 0.003 -28"><span class='ocrx_word' id='word_1_109' title='bbox 785 2603 851 2688; x_wconf 89' lang='lat' dir='ltr'>dit</span> <span class='ocrx_word' id='word_1_110' title='bbox 868 2587 946 2705; x_wconf 38' lang='grc' dir='ltr'>(ᾗ)</span> <span class='ocrx_word' id='word_1_111' title='bbox 983 2598 1224 2687; x_wconf 87' lang='lat' dir='ltr'>Achaicum</span> <span class='ocrx_word' id='word_1_112' title='bbox 1270 2597 1395 2684; x_wconf 90' lang='lat' dir='ltr'>illum</span> <span class='ocrx_word' id='word_1_113' title='bbox 1442 2617 1591 2685; x_wconf 86' lang='lat' dir='ltr'>terrae</span> <span class='ocrx_word' id='word_1_114' title='bbox 1630 2603 1851 2714; x_wconf 85' lang='lat' dir='ltr'>marisque</span> <span class='ocrx_word' id='word_1_115' title='bbox 1896 2619 2069 2690; x_wconf 88' lang='lat' dir='ltr'>motum</span> 
     </span>
     <span class='ocr_line' id='line_1_17' title="bbox 784 2731 2068 2844; baseline 0 -28"><span class='ocrx_word' id='word_1_116' title='bbox 784 2731 949 2816; x_wconf 86' lang='lat' dir='ltr'>eodem</span> <span class='ocrx_word' id='word_1_117' title='bbox 992 2750 1229 2838; x_wconf 86' lang='lat' dir='ltr'>tempore,</span> <span class='ocrx_word' id='word_1_118' title='bbox 1270 2753 1362 2837; x_wconf 89' lang='lat' dir='ltr'>quo</span> <span class='ocrx_word' id='word_1_119' title='bbox 1404 2751 1585 2838; x_wconf 83' lang='lat' dir='ltr'>magnus</span> <span class='ocrx_word' id='word_1_120' title='bbox 1628 2749 1808 2816; x_wconf 83' lang='lat' dir='ltr'>cometa</span> <span class='ocrx_word' id='word_1_121' title='bbox 1850 2735 2068 2844; x_wconf 83' lang='lat' dir='ltr'>apparuit,</span> 
     </span>
     <span class='ocr_line' id='line_1_18' title="bbox 777 2837 2060 2974; baseline 0 -28"><span class='ocrx_word' id='word_1_122' title='bbox 777 2858 929 2946; x_wconf 77' lang='lat' dir='ltr'>hieme</span> <span class='ocrx_word' id='word_1_123' title='bbox 948 2855 1177 2962; x_wconf 72' lang='lat' dir='ltr'>videlieet,</span> <span class='ocrx_word' id='word_1_124' title='bbox 1192 2850 1371 2970; x_wconf 68' lang='grc' dir='ltr'><strong>Ἀριςώε</strong></span> <span class='ocrx_word' id='word_1_125' title='bbox 1391 2837 1602 2974; x_wconf 77' lang='grc' dir='ltr'><strong>ὂίρχονἹος.</strong></span> <span class='ocrx_word' id='word_1_126' title='bbox 1621 2857 1790 2944; x_wconf 85' lang='lat' dir='ltr'>Locum</span> <span class='ocrx_word' id='word_1_127' title='bbox 1809 2883 2060 2971; x_wconf 87' lang='lat' dir='ltr'>corruptum</span> 
     </span>
     <span class='ocr_line' id='line_1_19' title="bbox 779 2977 2063 3088; baseline 0.003 -20"><span class='ocrx_word' id='word_1_128' title='bbox 779 2983 993 3080; x_wconf 75' lang='lat' dir='ltr'>seldenus</span> <span class='ocrx_word' id='word_1_129' title='bbox 1020 2987 1105 3068; x_wconf 83' lang='lat' dir='ltr'>iam</span> <span class='ocrx_word' id='word_1_130' title='bbox 1129 2983 1396 3088; x_wconf 79' lang='lat' dir='ltr'>emendetit,</span> <span class='ocrx_word' id='word_1_131' title='bbox 1413 3007 1462 3069; x_wconf 79' lang='lat' dir='ltr'>vt</span> <span class='ocrx_word' id='word_1_132' title='bbox 1484 2987 1587 3070; x_wconf 83' lang='lat' dir='ltr'>ellet</span> <span class='ocrx_word' id='word_1_133' title='bbox 1611 2977 1755 3086; x_wconf 61' lang='lat' dir='ltr'>agiu.</span> <span class='ocrx_word' id='word_1_134' title='bbox 1789 2988 1843 3072; x_wconf 87' lang='lat' dir='ltr'>ln</span> <span class='ocrx_word' id='word_1_135' title='bbox 1872 3015 2063 3072; x_wconf 85' lang='lat' dir='ltr'>marmo-</span> 
     </span>
    </p>
   </div>
   <div class='ocr_carea' id='block_1_5' title="bbox 778 3105 2065 3206">
    <p class='ocr_par' dir='ltr' id='par_1_5' title="bbox 778 3105 2065 3206">
     <span class='ocr_line' id='line_1_20' title="bbox 778 3105 2065 3206; baseline 0.002 -2"><span class='ocrx_word' id='word_1_136' title='bbox 778 3141 864 3204; x_wconf 85' lang='lat' dir='ltr'>teo</span> <span class='ocrx_word' id='word_1_137' title='bbox 897 3112 1117 3196; x_wconf 84' lang='lat' dir='ltr'>chronico</span> <span class='ocrx_word' id='word_1_138' title='bbox 1150 3107 1479 3200; x_wconf 81' lang='grc' dir='ltr'>ΑΡΧΟΝΤΟΣ</span> <span class='ocrx_word' id='word_1_139' title='bbox 1517 3105 1851 3204; x_wconf 86' lang='grc' dir='ltr'>ΑΘΗΝΗΣΙΝ</span> <span class='ocrx_word' id='word_1_140' title='bbox 1879 3109 2065 3206; x_wconf 78' lang='grc' dir='ltr'><strong>ΑΣΤΕ·</strong></span> 
     </span>
    </p>
   </div>
   <div class='ocr_carea' id='block_1_6' title="bbox 622 3229 2068 3360">
    <p class='ocr_par' dir='ltr' id='par_1_6' title="bbox 622 3229 2068 3360">
     <span class='ocr_line' id='line_1_21' title="bbox 622 3229 2068 3360; baseline -0.001 -28"><span class='ocrx_word' id='word_1_141' title='bbox 622 3336 624 3344; x_wconf 72' lang='grc'>,</span> <span class='ocrx_word' id='word_1_142' title='bbox 777 3245 861 3332; x_wconf 86' lang='grc' dir='ltr'>ΟΥ</span> <span class='ocrx_word' id='word_1_143' title='bbox 900 3242 1201 3328; x_wconf 81' lang='grc' dir='ltr'><strong>ΚΑΤΕΚΑΗ</strong></span> <span class='ocrx_word' id='word_1_144' title='bbox 1232 3241 1315 3328; x_wconf 88' lang='grc' dir='ltr'>ΔΕ</span> <span class='ocrx_word' id='word_1_145' title='bbox 1353 3243 1516 3330; x_wconf 83' lang='grc' dir='ltr'>ΤΟΤΕ</span> <span class='ocrx_word' id='word_1_146' title='bbox 1555 3229 1784 3360; x_wconf 60' lang='grc' dir='ltr'>ῇιῖρανός,</span> <span class='ocrx_word' id='word_1_147' title='bbox 1820 3265 1871 3332; x_wconf 79' lang='lat' dir='ltr'>vt</span> <span class='ocrx_word' id='word_1_148' title='bbox 1898 3247 2068 3358; x_wconf 88' lang='lat' dir='ltr'>supple·</span> 
     </span>
    </p>
   </div>
   <div class='ocr_carea' id='block_1_7' title="bbox 775 3363 2071 4260">
    <p class='ocr_par' dir='ltr' id='par_1_7' title="bbox 775 3363 2071 4260">
     <span class='ocr_line' id='line_1_22' title="bbox 779 3363 2069 3493; baseline 0.002 -33"><span class='ocrx_word' id='word_1_149' title='bbox 779 3375 848 3460; x_wconf 85' lang='lat' dir='ltr'>uit</span> <span class='ocrx_word' id='word_1_150' title='bbox 883 3368 1119 3471; x_wconf 78' lang='lat' dir='ltr'>seldenus,</span> <span class='ocrx_word' id='word_1_151' title='bbox 1155 3367 1225 3456; x_wconf 90' lang='lat' dir='ltr'>seu</span> <span class='ocrx_word' id='word_1_152' title='bbox 1260 3372 1409 3480; x_wconf 86' lang='lat' dir='ltr'>potius</span> <span class='ocrx_word' id='word_1_153' title='bbox 1445 3395 1494 3454; x_wconf 85' lang='lat' dir='ltr'>vt</span> <span class='ocrx_word' id='word_1_154' title='bbox 1539 3371 1798 3461; x_wconf 85' lang='lat' dir='ltr'>Palmerius:</span> <span class='ocrx_word' id='word_1_155' title='bbox 1840 3377 1872 3493; x_wconf 58' lang='grc' dir='ltr'><strong><em>ᾖ</em></strong></span> <span class='ocrx_word' id='word_1_156' title='bbox 1909 3363 2069 3491; x_wconf 63' lang='lat' dir='ltr'>»deperi</span> 
     </span>
     <span class='ocr_line' id='line_1_23' title="bbox 779 3486 2065 3615; baseline 0 -27"><span class='ocrx_word' id='word_1_157' title='bbox 779 3496 896 3608; x_wconf 72' lang='grc' dir='ltr'><strong><em>ὃοκΐς</em></strong></span> <span class='ocrx_word' id='word_1_158' title='bbox 928 3500 971 3591; x_wconf 83' lang='grc' dir='ltr'>ἐν</span> <span class='ocrx_word' id='word_1_159' title='bbox 1006 3486 1153 3614; x_wconf 60' lang='grc' dir='ltr'><em>ε’ρανοζῖ.</em></span> <span class='ocrx_word' id='word_1_160' title='bbox 1222 3500 1374 3590; x_wconf 85' lang='lat' dir='ltr'>Asteus</span> <span class='ocrx_word' id='word_1_161' title='bbox 1408 3495 1578 3602; x_wconf 83' lang='lat' dir='ltr'>¹archon</span> <span class='ocrx_word' id='word_1_162' title='bbox 1612 3495 1691 3588; x_wconf 82' lang='lat' dir='ltr'>fuit</span> <span class='ocrx_word' id='word_1_163' title='bbox 1723 3502 1909 3615; x_wconf 80' lang='lat' dir='ltr'>Olymp.</span> <span class='ocrx_word' id='word_1_164' title='bbox 1929 3505 2065 3612; x_wconf 67' lang='grc'>(31.4.</span> 
     </span>
     <span class='ocr_line' id='line_1_24' title="bbox 775 3630 2068 3750; baseline 0.002 -35"><span class='ocrx_word' id='word_1_165' title='bbox 775 3631 940 3731; x_wconf 80' lang='lat' dir='ltr'>Abeo</span> <span class='ocrx_word' id='word_1_166' title='bbox 975 3647 1192 3741; x_wconf 83' lang='lat' dir='ltr'>tempore</span> <span class='ocrx_word' id='word_1_167' title='bbox 1225 3630 1427 3750; x_wconf 72' lang='lat' dir='ltr'>Aegium¹</span> <span class='ocrx_word' id='word_1_168' title='bbox 1451 3631 1685 3742; x_wconf 85' lang='lat' dir='ltr'>praecipua</span> <span class='ocrx_word' id='word_1_169' title='bbox 1720 3633 1936 3742; x_wconf 80' lang='lat' dir='ltr'>dignitate</span> <span class='ocrx_word' id='word_1_170' title='bbox 1972 3633 2068 3718; x_wconf 76' lang='lat' dir='ltr'>vrbs</span> 
     </span>
     <span class='ocr_line' id='line_1_25' title="bbox 779 3756 2067 3873; baseline -0.001 -27"><span class='ocrx_word' id='word_1_171' title='bbox 779 3757 890 3862; x_wconf 83' lang='lat' dir='ltr'>fuit,</span> <span class='ocrx_word' id='word_1_172' title='bbox 925 3776 974 3843; x_wconf 78' lang='lat' dir='ltr'>vt</span> <span class='ocrx_word' id='word_1_173' title='bbox 1006 3756 1138 3846; x_wconf 85' lang='lat' dir='ltr'>habet</span> <span class='ocrx_word' id='word_1_174' title='bbox 1170 3760 1390 3848; x_wconf 75' lang='lat' dir='ltr'>Pausanias</span> <span class='ocrx_word' id='word_1_175' title='bbox 1427 3783 1485 3845; x_wconf 90' lang='lat' dir='ltr'>eo</span> <span class='ocrx_word' id='word_1_176' title='bbox 1505 3763 1550 3842; x_wconf 87' lang='lat' dir='ltr'>in</span> <span class='ocrx_word' id='word_1_177' title='bbox 1570 3759 1697 3870; x_wconf 85' lang='lat' dir='ltr'>loeo,</span> <span class='ocrx_word' id='word_1_178' title='bbox 1717 3766 1785 3867; x_wconf 85' lang='lat'>(5)</span> <span class='ocrx_word' id='word_1_179' title='bbox 1817 3787 1944 3873; x_wconf 87' lang='lat' dir='ltr'>quem</span> <span class='ocrx_word' id='word_1_180' title='bbox 1971 3785 2067 3847; x_wconf 86' lang='lat' dir='ltr'>tum</span> 
     </span>
     <span class='ocr_line' id='line_1_26' title="bbox 780 3883 2069 4002; baseline 0.003 -30"><span class='ocrx_word' id='word_1_181' title='bbox 780 3883 980 3999; x_wconf 84' lang='lat' dir='ltr'>Begerus</span> <span class='ocrx_word' id='word_1_182' title='bbox 1012 3911 1106 3974; x_wconf 85' lang='lat' dir='ltr'>non</span> <span class='ocrx_word' id='word_1_183' title='bbox 1141 3907 1342 3974; x_wconf 84' lang='lat' dir='ltr'>accurate</span> <span class='ocrx_word' id='word_1_184' title='bbox 1377 3887 1654 4000; x_wconf 75' lang='lat' dir='ltr'>inspexisset,</span> <span class='ocrx_word' id='word_1_185' title='bbox 1687 3891 1866 3980; x_wconf 85' lang='lat' dir='ltr'>Helicae</span> <span class='ocrx_word' id='word_1_186' title='bbox 1903 3893 2069 4002; x_wconf 86' lang='lat' dir='ltr'>putauit</span> 
     </span>
     <span class='ocr_line' id='line_1_27' title="bbox 777 4007 2071 4107; baseline 0 -3"><span class='ocrx_word' id='word_1_187' title='bbox 777 4039 1026 4107; x_wconf 79' lang='lat' dir='ltr'>conuentus</span> <span class='ocrx_word' id='word_1_188' title='bbox 1058 4015 1341 4107; x_wconf 75' lang='lat' dir='ltr'>Achaeorum</span> <span class='ocrx_word' id='word_1_189' title='bbox 1376 4037 1480 4102; x_wconf 88' lang='lat' dir='ltr'>ante</span> <span class='ocrx_word' id='word_1_190' title='bbox 1513 4007 1625 4104; x_wconf 84' lang='lat' dir='ltr'>hane</span> <span class='ocrx_word' id='word_1_191' title='bbox 1660 4021 1829 4106; x_wconf 88' lang='lat' dir='ltr'>cladem</span> <span class='ocrx_word' id='word_1_192' title='bbox 1864 4017 1987 4106; x_wconf 83' lang='lat' dir='ltr'>suilse</span> <span class='ocrx_word' id='word_1_193' title='bbox 2007 4025 2071 4105; x_wconf 89' lang='lat' dir='ltr'>so·</span> 
     </span>
     <span class='ocr_line' id='line_1_28' title="bbox 781 4141 2071 4260; baseline 0.004 -32"><span class='ocrx_word' id='word_1_194' title='bbox 781 4141 890 4230; x_wconf 82' lang='lat' dir='ltr'>litos</span> <span class='ocrx_word' id='word_1_195' title='bbox 914 4145 1159 4250; x_wconf 47' lang='lat' dir='ltr'>‘celebrata</span> <span class='ocrx_word' id='word_1_196' title='bbox 1190 4147 1307 4256; x_wconf 89' lang='lat' dir='ltr'>quod</span> <span class='ocrx_word' id='word_1_197' title='bbox 1344 4149 1525 4254; x_wconf 84' lang='lat' dir='ltr'>Romuli</span> <span class='ocrx_word' id='word_1_198' title='bbox 1557 4148 1755 4237; x_wconf 85' lang='lat' dir='ltr'>Amasaei</span> <span class='ocrx_word' id='word_1_199' title='bbox 1789 4151 1967 4260; x_wconf 89' lang='lat' dir='ltr'>quidem</span> <span class='ocrx_word' id='word_1_200' title='bbox 1990 4153 2071 4236; x_wconf 80' lang='lat' dir='ltr'>set-</span> 
     </span>
    </p>
   </div>
   <div class='ocr_carea' id='block_1_8' title="bbox 608 4273 2067 4388">
    <p class='ocr_par' dir='ltr' id='par_1_8' title="bbox 608 4273 2067 4388">
     <span class='ocr_line' id='line_1_29' title="bbox 608 4273 2067 4388; baseline -0.001 -24"><span class='ocrx_word' id='word_1_201' title='bbox 608 4283 614 4290; x_wconf 79' lang='lat'>&#39;</span> <span class='ocrx_word' id='word_1_202' title='bbox 777 4295 857 4364; x_wconf 84' lang='lat' dir='ltr'>mo</span> <span class='ocrx_word' id='word_1_203' title='bbox 892 4273 1385 4387; x_wconf 58' lang='lat' dir='ltr'>indicam-nequaquam</span> <span class='ocrx_word' id='word_1_204' title='bbox 1421 4301 1533 4361; x_wconf 79' lang='lat' dir='ltr'>vero</span> <span class='ocrx_word' id='word_1_205' title='bbox 1576 4279 1665 4388; x_wconf 80' lang='lat' dir='ltr'>ipse</span> <span class='ocrx_word' id='word_1_206' title='bbox 1706 4277 1950 4370; x_wconf 80' lang='lat' dir='ltr'>Pausanias:</span> <span class='ocrx_word' id='word_1_207' title='bbox 1993 4283 2067 4365; x_wconf 84' lang='lat' dir='ltr'>ita·</span> 
     </span>
    </p>
   </div>
   <div class='ocr_carea' id='block_1_9' title="bbox 1989 4429 2066 4520">
    <p class='ocr_par' dir='ltr' id='par_1_9' title="bbox 1989 4429 2066 4520">
     <span class='ocr_line' id='line_1_30' title="bbox 1989 4429 2066 4520; baseline -0.052 -28"><span class='ocrx_word' id='word_1_208' title='bbox 1989 4429 2066 4520; x_wconf 83' lang='lat' dir='ltr'>que</span> 
     </span>
    </p>
   </div>
   <div class='ocr_carea' id='block_1_10' title="bbox 0 0 2234 6017">
    <p class='ocr_par' dir='ltr' id='par_1_10' title="bbox 0 0 2234 6017">
     <span class='ocr_line' id='line_1_31' title="bbox 0 0 2234 6017; baseline 0 3"><span class='ocrx_word' id='word_1_209' title='bbox 0 0 2234 6017; x_wconf 95' lang='lat' dir='ltr'> </span> 
     </span>
    </p>
   </div>
  </div>
 </body>
</html>
