4459 6017
712 465 852 550 422„
1120 405 1306 511 rnnrr
1334 401 1605 508 amarer.
1704 375 1711 380 ’
1821 493 1826 500 ,

688 670 922 763 -Pellenen
943 678 988 748 et
1011 681 1120 744 mox
1142 673 1449 765 recuperatam
1473 651 1526 736 ab
1549 651 1713 736 Arato.
1783 647 1932 766 Quare
1956 643 2037 729 ni-

716 803 781 888 hil
801 797 860 881 est
883 794 1050 894 verius,
1088 811 1215 898 quam
1237 782 1356 895 quod
1380 779 1484 863 fecit
1505 778 1690 863 infinitis
1710 779 1755 859 in
1776 774 1887 858 locis
1918 777 2028 862 Pau-

718 930 877 1026 sanias,
916 925 1035 1026 idem
1064 914 1206 1002 feessse
1242 918 1287 997 in
1314 901 1462 1020 Agide
1487 907 1765 994 Eudatnidae
1802 902 2029 1014 multaque

720 1054 992 1142 diuersorum
1013 1069 1272 1155 temporum
1295 1039 1404 1124 suala
1424 1059 1469 1120 et
1506 1041 1667 1120 ducum
1700 1035 1884 1118 nomina
1914 1061 2024 1121 con·

636 1242 642 1252 ·
721 1181 896 1282 suniae,
934 1181 1052 1288 quod
1077 1171 1223 1256 multis
1247 1169 1389 1252 uerbis
1413 1165 1621 1252 refellere
1644 1163 1765 1250 huius
1795 1189 1933 1270 neque
1953 1167 2025 1248 lo.

722 1316 766 1398 ci
800 1332 937 1416 neque
977 1301 1229 1413 argumenti
1266 1299 1361 1412 eli„
1407 1295 1520 1382 Satis
1562 1294 1648 1397 eli,
1695 1291 2024 1404 ssexplodatur

721 1438 966 1538 Pausanias,
1005 1461 1060 1516 ne
1081 1455 1212 1544 quem
1233 1431 1455 1511 incautum
1477 1419 1614 1507 fallat.

1109 1672 1308 1836 Caput
1343 1668 1630 1788 Tertium

786 2016 791 2024 .
873 1861 965 1984 De
998 1891 1107 1982 octo
1141 1855 1570 2029 Philopoemenis
1592 1863 1895 2026 praeturis.

606 2222 623 2234 Α
728 2091 1137 2370 Pililnpoemen
1160 2187 1318 2246 annum
1341 2187 1473 2272 agens
1502 2159 1645 2248 LXX·
1682 2179 1852 2270 praetor
1887 2163 2046 2280 olla*-

868 2317 968 2371 unm
993 2319 1013 2372 a
1036 2290 1259 2378 Melleuiis
1280 2277 1434 2400 'captos
1457 2311 1501 2374 et
1525 2315 1701 2374 veneno
1732 2287 1904 2376 sublatus
1941 2275 2025 2374 est}

733 2417 867 2510 Fuiss‘e
891 2443 988 2498 eum
1011 2418 1097 2500 hoc
1121 2443 1237 2500 :tuno
1263 2442 1550 2528 praetorem,
1591 2417 1836 2503 Plutarchus
1861 2419 2018 2503 subex-

737 2575 886 2632 tremo
911 2547 1026 2628 vitae
1060 2570 1197 2656 neque
1231 2551 1359 2646 dicit,
1402 2571 1541 2655 neque
1574 2551 1744 2656 penitus
1782 2545 2014 2632 dillrmulat.

738 2675 896 2763 Scribit
920 2701 1029 2758 vero
1055 2675 1451 2783 Philopoemenem
1467 2677 1597 2783 Argis
1618 2675 1803 2758 exfebre
1819 2675 1921 2756 male
1940 2677 2010 2757 ha-

662 2831 667 2836 ·
737 2796 909 2904 buiffe,
931 2827 1028 2883 cnm
1052 2807 1103 2886 sie
1129 2803 1446 2889 Melseniorum
1470 2803 1658 2912 tumultu
1684 2799 1942 2902 auferretur,
1968 2801 2017 2885 aa

740 2961 838 3018 enm
865 2932 1068 3014 nuncium
1092 2933 1309 3016 aduolrlse
1345 2931 1628 3016 nihilomiuus
1658 2957 1748 3016 vno
1780 2935 1849 3014 die
1874 2931 2020 3038 stege-

740 3057 914 3174 lopolin
936 3059 1063 3142 stadis
1086 3061 1270 3169 amplius
1292 3063 1599 3170 quadraginta,
1641 3084 1770 3169 atque
1801 3063 1900 3143 inde
1931 3084 2024 3142 cum

742 3188 954 3300 equitibus
973 3213 1081 3296 quos
1110 3191 1389 3272 voluntarios
1410 3191 1548 3272 secum
1573 3189 1776 3290 ducebat,
1816 3191 1867 3270 ad
1888 3189 2029 3276 Colo-

706 3303 709 3307 ’
744 3320 891 3403 niuem
925 3314 1154 3400 ornatore
1176 3318 1442 3400 liberandam
1470 3317 1689 3420 statuant,
1759 3318 1882 3402 niun
1908 3343 2025 3426 prue-

745 3448 849 3531 tosii
874 3445 915 3524 in
941 3465 1047 3524 toto
1071 3445 1149 3526 illo
1173 3450 1400 3545 sermone,
1444 3451 1584 3526 donec
1610 3469 1767 3526 necato
1790 3447 2022 3554 Philopoe-

669 3627 672 3632 ·
746 3601 876 3658 mene
907 3573 1098 3674 subiicit,
1128 3576 1331 3662 Achaeos
1369 3564 1434 3659 sa'
1463 3565 1610 3673 iritusi‘u
1638 3565 1860 3688 ’ἀναβολὴ
1895 3566 2031 3675 marai-
2201 3565 2202 3614 ³

746 3697 900 3817 trahor
920 3699 1003 3802 τῆς
1025 3703 1217 3819 τιμωζίας
1246 3695 1347 3785 ἀλλ’
1372 3696 1567 3816 inspiras
1597 3693 1807 3820 ςξαἾηγόν
1833 3693 2032 3820 nauigium

750 3825 1082 3941 impselstonem
1111 3829 1252 3916 facille
1283 3835 1326 3914 in
1360 3832 1615 3916 Menenium
1648 3857 1824 3939 agrum,
1864 3836 1935 3916 vbi
1958 3857 2029 3913 ne·

749 3984 844 4042 cem
870 3958 959 4041 eins
981 3957 1087 4062 ulti,
1120 3962 1350 4072 combusto
1377 3963 1611 4064 cadauere,
1650 3963 1844 4055 sinerem
1879 3987 2033 4072 magna

752 4113 850 4170 cum
875 4112 1043 4195 pompa
1073 4073 1231 4171 funeris
1264 4091 1550 4173 deuexerunt.
1617 4091 1736 4172 Tulit
1775 4111 1922 4172 autem
1960 4118 2029 4174 vr·

751 4237 880 4316 nam,
920 4233 969 4329 st
990 4217 1024 4296 is
1043 4241 1215 4325 quoque
1238 4213 1393 4320 habet,
1435 4217 1634 4328 Polybius
1656 4219 1877 4328 Lycortae
1910 4246 2031 4331 prae·

753 4341 864 4431 toris
885 4338 1020 4454 filius,
1057 4344 1171 4429 euius
1191 4345 1391 4433 historias
1412 4373 1523 4432 nunc
1545 4349 1680 4456 magis
1700 4345 1898 4457 lugemus
1925 4351 2032 4434 aden

1941 4503 2032 4562 ctu·
