<?xml version="1.0" encoding="UTF-8"?>
<!DOCTYPE html PUBLIC "-//W3C//DTD XHTML 1.0 Transitional//EN"
    "http://www.w3.org/TR/xhtml1/DTD/xhtml1-transitional.dtd">
<html xmlns="http://www.w3.org/1999/xhtml" xml:lang="en" lang="en">
 <head>
  <title>
</title>
<meta http-equiv="Content-Type" content="text/html;charset=utf-8" />
  <meta name='ocr-system' content='tesseract 3.04.00' />
  <meta name='ocr-capabilities' content='ocr_page ocr_carea ocr_par ocr_line ocrx_word'/>
</head>
<body>
  <div class='ocr_page' id='page_1' title='image "./commentariiacad03sssrgoog_0378.png"; bbox 0 0 4459 6017; ppageno 0'>
   <div class='ocr_carea' id='block_1_1' title="bbox 748 483 1611 656">
    <p class='ocr_par' dir='ltr' id='par_1_1' title="bbox 748 483 1611 656">
     <span class='ocr_line' id='line_1_1' title="bbox 748 483 1611 656; baseline -0.042 0"><span class='ocrx_word' id='word_1_1' title='bbox 748 529 859 656; x_wconf 73' lang='lat' dir='ltr'>n&#39;at&#39;</span> <span class='ocrx_word' id='word_1_2' title='bbox 976 563 980 574; x_wconf 92' lang='lat'>·</span> <span class='ocrx_word' id='word_1_3' title='bbox 1066 483 1611 628; x_wconf 48' lang='grc' dir='ltr'>Ι’θοΝνΕκδῐοΝΕς</span> 
     </span>
    </p>
   </div>
   <div class='ocr_carea' id='block_1_2' title="bbox 742 755 2057 878">
    <p class='ocr_par' dir='ltr' id='par_1_2' title="bbox 742 755 2057 878">
     <span class='ocr_line' id='line_1_2' title="bbox 742 755 2057 878; baseline -0.014 -11"><span class='ocrx_word' id='word_1_4' title='bbox 742 777 929 868; x_wconf 77' lang='lat' dir='ltr'>alitionis</span> <span class='ocrx_word' id='word_1_5' title='bbox 968 789 1116 862; x_wconf 88' lang='lat' dir='ltr'>autem</span> <span class='ocrx_word' id='word_1_6' title='bbox 1154 767 1416 859; x_wconf 86' lang='lat' dir='ltr'>excellentis</span> <span class='ocrx_word' id='word_1_7' title='bbox 1451 775 1565 858; x_wconf 77' lang='lat' dir='ltr'>niro.</span> <span class='ocrx_word' id='word_1_8' title='bbox 1591 773 1662 872; x_wconf 88' lang='lat'>(2)</span> <span class='ocrx_word' id='word_1_9' title='bbox 1726 763 1950 878; x_wconf 82' lang='lat' dir='ltr'><strong>Equidem</strong></span> <span class='ocrx_word' id='word_1_10' title='bbox 1988 755 2057 852; x_wconf 60' lang='lat' dir='ltr'>il·⁶</span> 
     </span>
    </p>
   </div>
   <div class='ocr_carea' id='block_1_3' title="bbox 613 886 2044 1013">
    <p class='ocr_par' dir='ltr' id='par_1_3' title="bbox 613 886 2044 1013">
     <span class='ocr_line' id='line_1_3' title="bbox 613 886 2044 1013; baseline -0.01 -16"><span class='ocrx_word' id='word_1_11' title='bbox 613 959 616 964; x_wconf 93' lang='lat'>·</span> <span class='ocrx_word' id='word_1_12' title='bbox 743 909 835 995; x_wconf 87' lang='lat' dir='ltr'>lum</span> <span class='ocrx_word' id='word_1_13' title='bbox 870 901 1172 1013; x_wconf 84' lang='lat' dir='ltr'>Vpsaliensem</span> <span class='ocrx_word' id='word_1_14' title='bbox 1208 904 1344 1010; x_wconf 77' lang='lat' dir='ltr'>uulgo</span> <span class='ocrx_word' id='word_1_15' title='bbox 1389 905 1550 989; x_wconf 72' lang='lat' dir='ltr'>dictum</span> <span class='ocrx_word' id='word_1_16' title='bbox 1595 886 1883 983; x_wconf 87' lang='lat' dir='ltr'>solummodo</span> <span class='ocrx_word' id='word_1_17' title='bbox 1913 897 2044 984; x_wconf 69' lang='lat' dir='ltr'>‘inter</span> 
     </span>
    </p>
   </div>
   <div class='ocr_carea' id='block_1_4' title="bbox 685 1024 2040 1780">
    <p class='ocr_par' dir='ltr' id='par_1_4' title="bbox 685 1024 2040 1780">
     <span class='ocr_line' id='line_1_4' title="bbox 745 1024 2040 1140; baseline -0.008 -21"><span class='ocrx_word' id='word_1_18' title='bbox 745 1034 969 1125; x_wconf 84' lang='lat' dir='ltr'>mortales</span> <span class='ocrx_word' id='word_1_19' title='bbox 1008 1029 1212 1116; x_wconf 80' lang='lat' dir='ltr'>exstitisse</span> <span class='ocrx_word' id='word_1_20' title='bbox 1247 1049 1360 1140; x_wconf 90' lang='lat' dir='ltr'>puto</span> <span class='ocrx_word' id='word_1_21' title='bbox 1397 1056 1443 1116; x_wconf 90' lang='lat' dir='ltr'>et</span> <span class='ocrx_word' id='word_1_22' title='bbox 1479 1030 1530 1113; x_wconf 90' lang='lat' dir='ltr'>ab</span> <span class='ocrx_word' id='word_1_23' title='bbox 1567 1029 1729 1112; x_wconf 86' lang='lat' dir='ltr'>eodem</span> <span class='ocrx_word' id='word_1_24' title='bbox 1766 1024 2040 1136; x_wconf 85' lang='lat' dir='ltr'>superstitio·</span> 
     </span>
     <span class='ocr_line' id='line_1_5' title="bbox 696 1153 2039 1270; baseline -0.007 -20"><span class='ocrx_word' id='word_1_25' title='bbox 696 1157 706 1176; x_wconf 84' lang='lat'><em>&#39;</em></span> <span class='ocrx_word' id='word_1_26' title='bbox 747 1167 854 1250; x_wconf 81' lang='lat' dir='ltr'>nem</span> <span class='ocrx_word' id='word_1_27' title='bbox 893 1155 1112 1262; x_wconf 81' lang='lat' dir='ltr'>manasse,</span> <span class='ocrx_word' id='word_1_28' title='bbox 1149 1160 1294 1244; x_wconf 90' lang='lat' dir='ltr'>donec</span> <span class='ocrx_word' id='word_1_29' title='bbox 1328 1160 1605 1270; x_wconf 78' lang='lat' dir='ltr'>procedente</span> <span class='ocrx_word' id='word_1_30' title='bbox 1642 1177 1854 1262; x_wconf 88' lang='lat' dir='ltr'>ternpore</span> <span class='ocrx_word' id='word_1_31' title='bbox 1883 1153 2039 1266; x_wconf 87' lang='lat' dir='ltr'>seipso</span> 
     </span>
     <span class='ocr_line' id='line_1_6' title="bbox 747 1281 2036 1400; baseline -0.01 -19"><span class='ocrx_word' id='word_1_32' title='bbox 747 1292 974 1400; x_wconf 75' lang='lat' dir='ltr'>antiquior</span> <span class='ocrx_word' id='word_1_33' title='bbox 1013 1307 1208 1372; x_wconf 72' lang='lat' dir='ltr'>etvetus</span> <span class='ocrx_word' id='word_1_34' title='bbox 1237 1287 1340 1374; x_wconf 89' lang='lat' dir='ltr'>deos</span> <span class='ocrx_word' id='word_1_35' title='bbox 1378 1287 1646 1372; x_wconf 84' lang='lat' dir='ltr'>crederetur.</span> <span class='ocrx_word' id='word_1_36' title='bbox 1716 1282 1892 1370; x_wconf 89' lang='lat' dir='ltr'>Soorro</span> <span class='ocrx_word' id='word_1_37' title='bbox 1914 1281 2036 1369; x_wconf 87' lang='lat' dir='ltr'>Stur-</span> 
     </span>
     <span class='ocr_line' id='line_1_7' title="bbox 685 1411 2035 1524; baseline -0.007 -18"><span class='ocrx_word' id='word_1_38' title='bbox 685 1499 688 1506; x_wconf 84' lang='lat'>.</span> <span class='ocrx_word' id='word_1_39' title='bbox 747 1423 867 1509; x_wconf 83' lang='lat' dir='ltr'>lteus</span> <span class='ocrx_word' id='word_1_40' title='bbox 903 1418 950 1501; x_wconf 93' lang='lat' dir='ltr'>in</span> <span class='ocrx_word' id='word_1_41' title='bbox 988 1414 1180 1498; x_wconf 83' lang='lat' dir='ltr'>historiis</span> <span class='ocrx_word' id='word_1_42' title='bbox 1213 1416 1476 1524; x_wconf 84' lang='lat' dir='ltr'>Noruagicis</span> <span class='ocrx_word' id='word_1_43' title='bbox 1511 1411 1644 1504; x_wconf 88' lang='lat' dir='ltr'>Odini</span> <span class='ocrx_word' id='word_1_44' title='bbox 1676 1411 1940 1520; x_wconf 82' lang='lat' dir='ltr'>Vpsaliensis</span> <span class='ocrx_word' id='word_1_45' title='bbox 1977 1413 2035 1497; x_wconf 85' lang='lat' dir='ltr'>fr·</span> 
     </span>
     <span class='ocr_line' id='line_1_8' title="bbox 749 1542 2036 1664; baseline -0.005 -30"><span class='ocrx_word' id='word_1_46' title='bbox 749 1573 870 1634; x_wconf 85' lang='lat' dir='ltr'>mam</span> <span class='ocrx_word' id='word_1_47' title='bbox 909 1569 968 1629; x_wconf 85' lang='lat' dir='ltr'>ex</span> <span class='ocrx_word' id='word_1_48' title='bbox 1001 1547 1139 1630; x_wconf 83' lang='lat' dir='ltr'>Arrio</span> <span class='ocrx_word' id='word_1_49' title='bbox 1173 1543 1451 1654; x_wconf 82' lang='lat' dir='ltr'>Polyhislore</span> <span class='ocrx_word' id='word_1_50' title='bbox 1487 1543 1785 1664; x_wconf 85' lang='lat' dir='ltr'>confignauit,</span> <span class='ocrx_word' id='word_1_51' title='bbox 1834 1543 1879 1624; x_wconf 92' lang='lat' dir='ltr'>in</span> <span class='ocrx_word' id='word_1_52' title='bbox 1914 1542 2036 1628; x_wconf 81' lang='lat' dir='ltr'>Eddr</span> 
     </span>
     <span class='ocr_line' id='line_1_9' title="bbox 750 1668 2036 1780; baseline -0.005 -20"><span class='ocrx_word' id='word_1_53' title='bbox 750 1668 1072 1760; x_wconf 75' lang='lat' dir='ltr'>rutem&#39;Odioi</span> <span class='ocrx_word' id='word_1_54' title='bbox 1109 1673 1262 1776; x_wconf 80' lang='lat' dir='ltr'>Prisci,</span> <span class='ocrx_word' id='word_1_55' title='bbox 1303 1674 1373 1760; x_wconf 90' lang='lat' dir='ltr'>seu</span> <span class='ocrx_word' id='word_1_56' title='bbox 1412 1675 1604 1764; x_wconf 86' lang='lat' dir='ltr'>eiusdem</span> <span class='ocrx_word' id='word_1_57' title='bbox 1640 1670 1801 1772; x_wconf 90' lang='lat' dir='ltr'>Odini,</span> <span class='ocrx_word' id='word_1_58' title='bbox 1837 1673 1910 1780; x_wconf 92' lang='lat' dir='ltr'>qui</span> <span class='ocrx_word' id='word_1_59' title='bbox 1950 1675 2036 1756; x_wconf 79' lang='lat' dir='ltr'>ianr</span> 
     </span>
    </p>
   </div>
   <div class='ocr_carea' id='block_1_5' title="bbox 616 1796 2035 1900">
    <p class='ocr_par' dir='ltr' id='par_1_5' title="bbox 616 1796 2035 1900">
     <span class='ocr_line' id='line_1_10' title="bbox 616 1796 2035 1900; baseline -0.005 -8"><span class='ocrx_word' id='word_1_60' title='bbox 616 1895 618 1900; x_wconf 69' lang='grc'><strong>,</strong></span> <span class='ocrx_word' id='word_1_61' title='bbox 751 1803 989 1892; x_wconf 83' lang='lat' dir='ltr'>haberetur</span> <span class='ocrx_word' id='word_1_62' title='bbox 1027 1824 1075 1885; x_wconf 82' lang='lat' dir='ltr'>rt</span> <span class='ocrx_word' id='word_1_63' title='bbox 1111 1823 1238 1887; x_wconf 81' lang='lat' dir='ltr'>vetus</span> <span class='ocrx_word' id='word_1_64' title='bbox 1269 1805 1386 1889; x_wconf 82' lang='lat' dir='ltr'>deus.</span> <span class='ocrx_word' id='word_1_65' title='bbox 1457 1801 1542 1888; x_wconf 90' lang='lat' dir='ltr'>Sed</span> <span class='ocrx_word' id='word_1_66' title='bbox 1578 1825 1675 1883; x_wconf 90' lang='lat' dir='ltr'>cum</span> <span class='ocrx_word' id='word_1_67' title='bbox 1700 1796 1888 1900; x_wconf 89' lang='lat' dir='ltr'>Snorro,</span> <span class='ocrx_word' id='word_1_68' title='bbox 1923 1797 2035 1886; x_wconf 87' lang='lat' dir='ltr'>Odi·</span> 
     </span>
    </p>
   </div>
   <div class='ocr_carea' id='block_1_6' title="bbox 715 1928 2111 4220">
    <p class='ocr_par' dir='ltr' id='par_1_6' title="bbox 715 1928 2111 4220">
     <span class='ocr_line' id='line_1_11' title="bbox 754 1928 2038 2041; baseline -0.002 -25"><span class='ocrx_word' id='word_1_69' title='bbox 754 1957 858 2017; x_wconf 87' lang='lat' dir='ltr'>num</span> <span class='ocrx_word' id='word_1_70' title='bbox 896 1953 953 2016; x_wconf 84' lang='lat' dir='ltr'>ex</span> <span class='ocrx_word' id='word_1_71' title='bbox 992 1931 1134 2039; x_wconf 80' lang='lat' dir='ltr'>priscis</span> <span class='ocrx_word' id='word_1_72' title='bbox 1178 1928 1341 2016; x_wconf 82' lang='lat' dir='ltr'>sedibus</span> <span class='ocrx_word' id='word_1_73' title='bbox 1377 1933 1422 2013; x_wconf 94' lang='lat' dir='ltr'>in</span> <span class='ocrx_word' id='word_1_74' title='bbox 1462 1929 1831 2041; x_wconf 86' lang='lat' dir='ltr'>septemtrionem</span> <span class='ocrx_word' id='word_1_75' title='bbox 1866 1948 1915 2009; x_wconf 84' lang='lat' dir='ltr'>vt</span> <span class='ocrx_word' id='word_1_76' title='bbox 1960 1929 2038 2013; x_wconf 83' lang='lat' dir='ltr'>dc·</span> 
     </span>
     <span class='ocr_line' id='line_1_12' title="bbox 754 2051 2034 2170; baseline -0.005 -24"><span class='ocrx_word' id='word_1_77' title='bbox 754 2059 1022 2160; x_wconf 85' lang='lat' dir='ltr'>deduceret,</span> <span class='ocrx_word' id='word_1_78' title='bbox 1071 2053 1466 2170; x_wconf 79' lang='lat' dir='ltr'>regionum&#39;srrom</span> <span class='ocrx_word' id='word_1_79' title='bbox 1505 2056 1731 2158; x_wconf 87' lang='lat' dir='ltr'>describit,</span> <span class='ocrx_word' id='word_1_80' title='bbox 1765 2051 2034 2139; x_wconf 76' lang='lat' dir='ltr'>manifestum</span> 
     </span>
     <span class='ocr_line' id='line_1_13' title="bbox 757 2183 2033 2289; baseline -0.005 -17"><span class='ocrx_word' id='word_1_81' title='bbox 757 2189 984 2289; x_wconf 86' lang='lat' dir='ltr'>est,eum</span> <span class='ocrx_word' id='word_1_82' title='bbox 1021 2184 1072 2268; x_wconf 87' lang='lat' dir='ltr'>ab</span> <span class='ocrx_word' id='word_1_83' title='bbox 1110 2187 1363 2284; x_wconf 82' lang='lat' dir='ltr'>eruditione</span> <span class='ocrx_word' id='word_1_84' title='bbox 1409 2189 1530 2272; x_wconf 89' lang='lat' dir='ltr'>tenui</span> <span class='ocrx_word' id='word_1_85' title='bbox 1577 2186 1818 2266; x_wconf 87' lang='lat' dir='ltr'>litterarum</span> <span class='ocrx_word' id='word_1_86' title='bbox 1848 2183 2033 2268; x_wconf 82' lang='lat' dir='ltr'>Lrtint·</span> 
     </span>
     <span class='ocr_line' id='line_1_14' title="bbox 755 2313 2036 2428; baseline -0.004 -28"><span class='ocrx_word' id='word_1_87' title='bbox 755 2337 883 2415; x_wconf 90' lang='lat' dir='ltr'>rum,</span> <span class='ocrx_word' id='word_1_88' title='bbox 926 2337 1007 2422; x_wconf 89' lang='lat' dir='ltr'>qua</span> <span class='ocrx_word' id='word_1_89' title='bbox 1040 2315 1128 2394; x_wconf 86' lang='lat' dir='ltr'>iam</span> <span class='ocrx_word' id='word_1_90' title='bbox 1170 2337 1262 2396; x_wconf 92' lang='lat' dir='ltr'>tum</span> <span class='ocrx_word' id='word_1_91' title='bbox 1301 2313 1433 2428; x_wconf 90' lang='lat' dir='ltr'>aliqui</span> <span class='ocrx_word' id='word_1_92' title='bbox 1471 2316 1516 2398; x_wconf 88' lang='lat' dir='ltr'>in</span> <span class='ocrx_word' id='word_1_93' title='bbox 1551 2315 1781 2422; x_wconf 83' lang='lat' dir='ltr'>Noruegin</span> <span class='ocrx_word' id='word_1_94' title='bbox 1817 2314 2036 2419; x_wconf 78' lang='lat' dir='ltr'>calebunt,</span> 
     </span>
     <span class='ocr_line' id='line_1_15' title="bbox 757 2439 2036 2551; baseline -0.002 -24"><span class='ocrx_word' id='word_1_95' title='bbox 757 2439 816 2528; x_wconf 83' lang='lat' dir='ltr'>stc</span> <span class='ocrx_word' id='word_1_96' title='bbox 850 2439 1043 2526; x_wconf 86' lang='lat' dir='ltr'>delusum</span> <span class='ocrx_word' id='word_1_97' title='bbox 1082 2439 1224 2548; x_wconf 78' lang='lat' dir='ltr'>fuisse,</span> <span class='ocrx_word' id='word_1_98' title='bbox 1261 2463 1310 2525; x_wconf 85' lang='lat' dir='ltr'>vt</span> <span class='ocrx_word' id='word_1_99' title='bbox 1345 2465 1498 2530; x_wconf 78' lang='lat' dir='ltr'>tumen</span> <span class='ocrx_word' id='word_1_100' title='bbox 1532 2444 1670 2527; x_wconf 82' lang='lat' dir='ltr'>etiam</span> <span class='ocrx_word' id='word_1_101' title='bbox 1692 2441 1763 2524; x_wconf 92' lang='lat' dir='ltr'>hic</span> <span class='ocrx_word' id='word_1_102' title='bbox 1783 2439 1941 2551; x_wconf 91' lang='lat' dir='ltr'>aliquid</span> <span class='ocrx_word' id='word_1_103' title='bbox 1964 2465 2036 2524; x_wconf 86' lang='lat' dir='ltr'>re·</span> 
     </span>
     <span class='ocr_line' id='line_1_16' title="bbox 759 2560 2035 2683; baseline -0.002 -29"><span class='ocrx_word' id='word_1_104' title='bbox 759 2567 866 2655; x_wconf 87' lang='lat' dir='ltr'>teris</span> <span class='ocrx_word' id='word_1_105' title='bbox 904 2573 1044 2652; x_wconf 78' lang='lat' dir='ltr'>suntne</span> <span class='ocrx_word' id='word_1_106' title='bbox 1081 2571 1337 2655; x_wconf 74' lang='lat' dir='ltr'>subodorari</span> <span class='ocrx_word' id='word_1_107' title='bbox 1368 2560 1587 2683; x_wconf 71' lang='lat' dir='ltr'>queamus.</span> <span class='ocrx_word' id='word_1_108' title='bbox 1670 2571 1820 2654; x_wconf 79' lang='lat' dir='ltr'>Tanto</span> <span class='ocrx_word' id='word_1_109' title='bbox 1859 2571 2035 2682; x_wconf 87' lang='lat' dir='ltr'>diligen·</span> 
     </span>
     <span class='ocr_line' id='line_1_17' title="bbox 715 2697 2036 2810; baseline 0.001 -28"><span class='ocrx_word' id='word_1_110' title='bbox 715 2701 848 2785; x_wconf 23' lang='lat' dir='ltr'>,tius</span> <span class='ocrx_word' id='word_1_111' title='bbox 884 2697 1171 2810; x_wconf 87' lang='lat' dir='ltr'>expendenda</span> <span class='ocrx_word' id='word_1_112' title='bbox 1227 2723 1353 2784; x_wconf 90' lang='lat' dir='ltr'>erunt</span> <span class='ocrx_word' id='word_1_113' title='bbox 1420 2704 1583 2785; x_wconf 86' lang='lat' dir='ltr'>omnia.</span> <span class='ocrx_word' id='word_1_114' title='bbox 1666 2699 1924 2804; x_wconf 79' lang='lat' dir='ltr'>Oceanum,</span> <span class='ocrx_word' id='word_1_115' title='bbox 1975 2705 2036 2783; x_wconf 87' lang='lat' dir='ltr'>in·</span> 
     </span>
     <span class='ocr_line' id='line_1_18' title="bbox 760 2823 2031 2939; baseline 0.002 -31"><span class='ocrx_word' id='word_1_116' title='bbox 760 2827 879 2937; x_wconf 89' lang='lat' dir='ltr'>quir,</span> <span class='ocrx_word' id='word_1_117' title='bbox 918 2823 1083 2909; x_wconf 88' lang='lat' dir='ltr'>ambire</span> <span class='ocrx_word' id='word_1_118' title='bbox 1120 2847 1311 2932; x_wconf 86' lang='lat' dir='ltr'>terram,</span> <span class='ocrx_word' id='word_1_119' title='bbox 1349 2847 1476 2939; x_wconf 89' lang='lat' dir='ltr'>atque</span> <span class='ocrx_word' id='word_1_120' title='bbox 1513 2828 1650 2911; x_wconf 82' lang='lat' dir='ltr'>mrrir</span> <span class='ocrx_word' id='word_1_121' title='bbox 1694 2827 1761 2912; x_wconf 92' lang='lat' dir='ltr'>sua</span> <span class='ocrx_word' id='word_1_122' title='bbox 1808 2825 1955 2936; x_wconf 83' lang='lat' dir='ltr'>prffim</span> <span class='ocrx_word' id='word_1_123' title='bbox 1994 2831 2031 2910; x_wconf 93' lang='lat' dir='ltr'>in</span> 
     </span>
     <span class='ocr_line' id='line_1_19' title="bbox 761 2949 2111 3067; baseline 0.002 -29"><span class='ocrx_word' id='word_1_124' title='bbox 761 2949 1178 3062; x_wconf 83' lang='lat' dir='ltr'>srnusdiffundere:</span> <span class='ocrx_word' id='word_1_125' title='bbox 1216 2971 1274 3041; x_wconf 81' lang='lat' dir='ltr'>&#39;ex</span> <span class='ocrx_word' id='word_1_126' title='bbox 1319 2954 1386 3040; x_wconf 81' lang='lat' dir='ltr'>his</span> <span class='ocrx_word' id='word_1_127' title='bbox 1430 2953 1669 3040; x_wconf 68' lang='lat' dir='ltr'>esse=mnre</span> <span class='ocrx_word' id='word_1_128' title='bbox 1705 2980 1727 3036; x_wconf 90' lang='lat' dir='ltr'>a</span> <span class='ocrx_word' id='word_1_129' title='bbox 1774 2950 2034 3067; x_wconf 76' lang='lat' dir='ltr'>Neruasund,</span> <span class='ocrx_word' id='word_1_130' title='bbox 2105 2949 2111 2961; x_wconf 80' lang='grc'><strong>’</strong></span> 
     </span>
     <span class='ocr_line' id='line_1_20' title="bbox 762 3073 2035 3196; baseline 0.001 -31"><span class='ocrx_word' id='word_1_131' title='bbox 762 3078 836 3165; x_wconf 86' lang='lat' dir='ltr'>seu</span> <span class='ocrx_word' id='word_1_132' title='bbox 869 3073 1073 3166; x_wconf 81' lang='lat' dir='ltr'>Gaditano</span> <span class='ocrx_word' id='word_1_133' title='bbox 1090 3076 1232 3196; x_wconf 82' lang='lat' dir='ltr'>freto,</span> <span class='ocrx_word' id='word_1_134' title='bbox 1269 3105 1318 3169; x_wconf 84' lang='lat' dir='ltr'>vt</span> <span class='ocrx_word' id='word_1_135' title='bbox 1349 3084 1540 3171; x_wconf 85' lang='lat' dir='ltr'>loannes</span> <span class='ocrx_word' id='word_1_136' title='bbox 1560 3082 1910 3190; x_wconf 78' lang='lat' dir='ltr'>Peringskiiildus</span> <span class='ocrx_word' id='word_1_137' title='bbox 1929 3085 2035 3172; x_wconf 86' lang='lat' dir='ltr'>V.C.</span> 
     </span>
     <span class='ocr_line' id='line_1_21' title="bbox 764 3207 2039 3326; baseline 0.002 -34"><span class='ocrx_word' id='word_1_138' title='bbox 764 3207 1001 3316; x_wconf 80' lang='lat' dir='ltr'>explicuit:</span> <span class='ocrx_word' id='word_1_139' title='bbox 1037 3210 1191 3296; x_wconf 85' lang='lat' dir='ltr'>isthinc</span> <span class='ocrx_word' id='word_1_140' title='bbox 1245 3211 1298 3295; x_wconf 83' lang='lat' dir='ltr'>acl</span> <span class='ocrx_word' id='word_1_141' title='bbox 1342 3209 1619 3297; x_wconf 77' lang='lat' dir='ltr'>Palaestinam</span> <span class='ocrx_word' id='word_1_142' title='bbox 1654 3237 1785 3324; x_wconf 74' lang='lat' dir='ltr'>usque</span> <span class='ocrx_word' id='word_1_143' title='bbox 1832 3215 2039 3326; x_wconf 89' lang='lat' dir='ltr'>protendi</span> 
     </span>
     <span class='ocr_line' id='line_1_22' title="bbox 764 3337 2039 3452; baseline 0.002 -30"><span class='ocrx_word' id='word_1_144' title='bbox 764 3355 893 3448; x_wconf 89' lang='lat' dir='ltr'>atque</span> <span class='ocrx_word' id='word_1_145' title='bbox 929 3339 1033 3422; x_wconf 91' lang='lat' dir='ltr'>inde</span> <span class='ocrx_word' id='word_1_146' title='bbox 1079 3339 1125 3424; x_wconf 93' lang='lat' dir='ltr'>in</span> <span class='ocrx_word' id='word_1_147' title='bbox 1171 3337 1496 3451; x_wconf 85' lang='lat' dir='ltr'>longitudinem</span> <span class='ocrx_word' id='word_1_148' title='bbox 1545 3341 1741 3452; x_wconf 78' lang='lat' dir='ltr'>porrigi,</span> <span class='ocrx_word' id='word_1_149' title='bbox 1791 3342 2039 3452; x_wconf 82' lang='lat' dir='ltr'>aquilonem</span> 
     </span>
     <span class='ocr_line' id='line_1_23' title="bbox 763 3465 2041 3578; baseline 0.003 -30"><span class='ocrx_word' id='word_1_150' title='bbox 763 3465 934 3570; x_wconf 80' lang='lat' dir='ltr'>uersus,</span> <span class='ocrx_word' id='word_1_151' title='bbox 974 3467 1099 3554; x_wconf 84' lang='lat' dir='ltr'>Mare</span> <span class='ocrx_word' id='word_1_152' title='bbox 1138 3467 1348 3578; x_wconf 84' lang='lat' dir='ltr'>Nigrum,</span> <span class='ocrx_word' id='word_1_153' title='bbox 1387 3470 1456 3554; x_wconf 92' lang='lat' dir='ltr'>seu</span> <span class='ocrx_word' id='word_1_154' title='bbox 1490 3469 1679 3553; x_wconf 89' lang='lat' dir='ltr'>Pontum</span> <span class='ocrx_word' id='word_1_155' title='bbox 1716 3471 1956 3558; x_wconf 87' lang='lat' dir='ltr'>Euxinum:</span> <span class='ocrx_word' id='word_1_156' title='bbox 1991 3471 2041 3555; x_wconf 86' lang='lat' dir='ltr'>ad</span> 
     </span>
     <span class='ocr_line' id='line_1_24' title="bbox 764 3591 2040 3707; baseline 0.005 -34"><span class='ocrx_word' id='word_1_157' title='bbox 764 3593 948 3676; x_wconf 84' lang='lat' dir='ltr'>boreum</span> <span class='ocrx_word' id='word_1_158' title='bbox 971 3597 1089 3679; x_wconf 88' lang='lat' dir='ltr'>iuxta</span> <span class='ocrx_word' id='word_1_159' title='bbox 1105 3595 1227 3681; x_wconf 87' lang='lat' dir='ltr'>Mare</span> <span class='ocrx_word' id='word_1_160' title='bbox 1249 3597 1433 3706; x_wconf 88' lang='lat' dir='ltr'>Nigrum</span> <span class='ocrx_word' id='word_1_161' title='bbox 1458 3597 1542 3680; x_wconf 82' lang='lat' dir='ltr'>effe</span> <span class='ocrx_word' id='word_1_162' title='bbox 1563 3591 1770 3701; x_wconf 68' lang='lat' dir='ltr'>Strictim(</span> <span class='ocrx_word' id='word_1_163' title='bbox 1778 3611 1825 3703; x_wconf 75' lang='lat'>3)</span> <span class='ocrx_word' id='word_1_164' title='bbox 1846 3624 2040 3707; x_wconf 87' lang='lat' dir='ltr'>regnum,</span> 
     </span>
     <span class='ocr_line' id='line_1_25' title="bbox 768 3720 2038 3838; baseline 0.007 -37"><span class='ocrx_word' id='word_1_165' title='bbox 768 3721 1096 3831; x_wconf 81' lang='lat' dir='ltr'>quodquidam</span> <span class='ocrx_word' id='word_1_166' title='bbox 1132 3723 1273 3808; x_wconf 77' lang='lat' dir='ltr'>vastae</span> <span class='ocrx_word' id='word_1_167' title='bbox 1336 3720 1593 3812; x_wconf 84' lang='lat' dir='ltr'>Serlclnndiae</span> <span class='ocrx_word' id='word_1_168' title='bbox 1625 3729 1697 3830; x_wconf 85' lang='lat'>(4)</span> <span class='ocrx_word' id='word_1_169' title='bbox 1747 3751 2038 3838; x_wconf 84' lang='lat' dir='ltr'>comp-urent,</span> 
     </span>
     <span class='ocr_line' id='line_1_26' title="bbox 769 3845 2046 3969; baseline 0.005 -37"><span class='ocrx_word' id='word_1_170' title='bbox 769 3845 842 3932; x_wconf 88' lang='lat' dir='ltr'>alii</span> <span class='ocrx_word' id='word_1_171' title='bbox 862 3845 1683 3964; x_wconf 81' lang='lat' dir='ltr'>Blalandicre,(5)quamPeringskiiildus</span> <span class='ocrx_word' id='word_1_172' title='bbox 1711 3852 1967 3969; x_wconf 61' lang='lat' dir='ltr'>Aethopiam</span> <span class='ocrx_word' id='word_1_173' title='bbox 1984 3861 2046 3939; x_wconf 80' lang='lat' dir='ltr'>in-&#39;</span> 
     </span>
     <span class='ocr_line' id='line_1_27' title="bbox 768 3981 2044 4094; baseline 0.006 -32"><span class='ocrx_word' id='word_1_174' title='bbox 768 3997 1060 4085; x_wconf 83' lang='lat' dir='ltr'>terpretatur:</span> <span class='ocrx_word' id='word_1_175' title='bbox 1095 3982 1507 4088; x_wconf 82' lang='lat' dir='ltr'>septemtrionalem</span> <span class='ocrx_word' id='word_1_176' title='bbox 1548 3981 1719 4092; x_wconf 76' lang='lat' dir='ltr'>plagam</span> <span class='ocrx_word' id='word_1_177' title='bbox 1760 4009 1955 4094; x_wconf 87' lang='lat' dir='ltr'>propter</span> <span class='ocrx_word' id='word_1_178' title='bbox 1986 3993 2044 4070; x_wconf 90' lang='lat' dir='ltr'>in-</span> 
     </span>
     <span class='ocr_line' id='line_1_28' title="bbox 769 4103 2042 4220; baseline 0.006 -29"><span class='ocrx_word' id='word_1_179' title='bbox 769 4103 1048 4194; x_wconf 86' lang='lat' dir='ltr'>teusrsiimum</span> <span class='ocrx_word' id='word_1_180' title='bbox 1083 4105 1214 4220; x_wconf 84' lang='lat' dir='ltr'>frigus</span> <span class='ocrx_word' id='word_1_181' title='bbox 1251 4110 1663 4198; x_wconf 84' lang='lat' dir='ltr'>etinclementiam</span> <span class='ocrx_word' id='word_1_182' title='bbox 1688 4112 1801 4198; x_wconf 74' lang='lat' dir='ltr'>caeli</span> <span class='ocrx_word' id='word_1_183' title='bbox 1837 4117 2042 4200; x_wconf 84' lang='lat' dir='ltr'>incultam</span> 
     </span>
    </p>
   </div>
   <div class='ocr_carea' id='block_1_7' title="bbox 1892 4246 2044 4350">
    <p class='ocr_par' dir='ltr' id='par_1_7' title="bbox 1892 4246 2044 4350">
     <span class='ocr_line' id='line_1_29' title="bbox 1892 4246 2044 4350; baseline -0.013 -20"><span class='ocrx_word' id='word_1_184' title='bbox 1892 4246 2044 4350; x_wconf 76' lang='lat' dir='ltr'>inccrc,</span> 
     </span>
    </p>
   </div>
   <div class='ocr_carea' id='block_1_8' title="bbox 776 4529 2044 4716">
    <p class='ocr_par' dir='ltr' id='par_1_8' title="bbox 776 4529 2044 4716">
     <span class='ocr_line' id='line_1_30' title="bbox 850 4529 2044 4630; baseline 0.013 -35"><span class='ocrx_word' id='word_1_185' title='bbox 850 4529 913 4610; x_wconf 78' lang='lat' dir='ltr'>(a)</span> <span class='ocrx_word' id='word_1_186' title='bbox 933 4537 968 4596; x_wconf 79' lang='lat' dir='ltr'>ln</span> <span class='ocrx_word' id='word_1_187' title='bbox 989 4557 1076 4600; x_wconf 83' lang='lat' dir='ltr'>numo</span> <span class='ocrx_word' id='word_1_188' title='bbox 1092 4562 1180 4605; x_wconf 81' lang='lat' dir='ltr'>aureo</span> <span class='ocrx_word' id='word_1_189' title='bbox 1198 4548 1301 4615; x_wconf 80' lang='lat' dir='ltr'>Othini</span> <span class='ocrx_word' id='word_1_190' title='bbox 1323 4570 1352 4630; x_wconf 90' lang='lat' dir='ltr'>p.</span> <span class='ocrx_word' id='word_1_191' title='bbox 1371 4570 1400 4628; x_wconf 79' lang='lat'>3.</span> <span class='ocrx_word' id='word_1_192' title='bbox 1417 4549 1491 4610; x_wconf 90' lang='lat' dir='ltr'>conf.</span> <span class='ocrx_word' id='word_1_193' title='bbox 1514 4547 1598 4606; x_wconf 75' lang='lat' dir='ltr'>Nune</span> <span class='ocrx_word' id='word_1_194' title='bbox 1624 4547 1768 4609; x_wconf 71' lang='lat' dir='ltr'>litteraria</span> <span class='ocrx_word' id='word_1_195' title='bbox 1787 4547 1993 4610; x_wconf 70' lang='lat' dir='ltr'>moraturi</span> <span class='ocrx_word' id='word_1_196' title='bbox 2009 4545 2044 4611; x_wconf 68' lang='grc' dir='ltr'>Α.</span> 
     </span>
     <span class='ocr_line' id='line_1_31' title="bbox 776 4619 1762 4716; baseline -0.003 -24"><span class='ocrx_word' id='word_1_197' title='bbox 776 4619 863 4692; x_wconf 74' lang='lat'>⁸700·</span> <span class='ocrx_word' id='word_1_198' title='bbox 882 4619 987 4701; x_wconf 68' lang='lat' dir='ltr'>rau·</span> <span class='ocrx_word' id='word_1_199' title='bbox 1028 4622 1086 4710; x_wconf 63' lang='grc' dir='ltr'>ω)</span> <span class='ocrx_word' id='word_1_200' title='bbox 1106 4625 1226 4692; x_wconf 69' lang='lat' dir='ltr'>suun.</span> <span class='ocrx_word' id='word_1_201' title='bbox 1268 4631 1326 4716; x_wconf 70' lang='lat'>(4)</span> <span class='ocrx_word' id='word_1_202' title='bbox 1354 4633 1512 4698; x_wconf 61' lang='lat' dir='ltr'>struere.</span> <span class='ocrx_word' id='word_1_203' title='bbox 1551 4629 1610 4710; x_wconf 69' lang='grc' dir='ltr'>(ς)</span> <span class='ocrx_word' id='word_1_204' title='bbox 1630 4630 1762 4691; x_wconf 73' lang='lat' dir='ltr'>marna.</span> 
     </span>
    </p>
   </div>
   <div class='ocr_carea' id='block_1_9' title="bbox 0 0 2275 6017">
    <p class='ocr_par' dir='ltr' id='par_1_9' title="bbox 0 0 2275 6017">
     <span class='ocr_line' id='line_1_32' title="bbox 0 0 2275 6017; baseline 0 0"><span class='ocrx_word' id='word_1_205' title='bbox 0 0 2275 6017; x_wconf 95' lang='lat' dir='ltr'> </span> 
     </span>
    </p>
   </div>
  </div>
 </body>
</html>
