4459 6017
746 509 854 642 „a
1046 599 1053 609 .
1158 501 1346 608 marr
1371 501 1646 610 ammam.

745 768 857 880 giis,
890 756 972 872 Sp.
991 757 1216 848 Postumio
1240 811 1253 861 ,
1280 756 1335 842 L.
1352 754 1509 842 Pisone
1536 747 2061 866 Cosaolympionicoa

746 902 974 1007 synagoge
1002 891 1056 975 ad
1092 889 1286 996 primum
1325 900 1485 969 anuum
1517 883 1805 994 Olympiadis
1850 883 2061 976 CLVIII.

648 1040 655 1050 '
748 1029 1011 1114 Praetorem
1031 1042 1129 1110 rem
1144 1012 1337 1124 geffiffe,
1370 1012 1570 1100 Velleius
1598 1011 1888 1120 Paterculus,
1910 1015 2057 1102 immo

750 1153 829 1239 alii
855 1170 1016 1236 omues
1035 1145 1246 1258 produnt.
1312 1143 1488 1229 Eodem
1504 1161 1738 1259 tempore,
1762 1143 1939 1228 dumio
1960 1143 2057 1232 Ma·
2162 1175 2170 1182 ·

750 1281 942 1366 ecclonia
963 1271 1175 1362 Metellus
1194 1291 1383 1384 praetor
1419 1268 1538 1355 bello
1578 1271 1855 1385 persequitur
1889 1274 2056 1361 Andri·

752 1413 898 1512 scum,
929 1404 1224 1490 Damocritus
1243 1421 1428 1512 praetor
1447 1397 1732 1486 Achaeorum
1761 1425 1904 1488 nouus
1921 1399 2056 1513 Spar·

699 1517 703 1525 ’
743 1559 888 1624 tanos
908 1535 1070 1644 petiit,
1103 1551 1152 1617 ut
1171 1531 1390 1618 Pausanias
1409 1527 1561 1614 resera.
1587 1533 1660 1636 (6)
1721 1527 1819 1616 Iam
1841 1555 1942 1617 cum
1959 1531 2052 1618 Da·

754 1667 975 1753 mocritus
993 1666 1049 1746 a.
1071 1659 1274 1749 Achaico
1299 1686 1389 1764 133
1415 1677 1602 1770 praetor
1629 1658 1738 1764 fuit,
1771 1657 1946 1748 Diaeus
1983 1683 2052 1745 au·

756 1815 855 1879 tem
876 1815 993 1876 anno
1015 1791 1114 1902 post
1135 1789 1260 1874 rebus
1275 1787 1480 1874 Achaicis
1501 1783 1719 1896 praefuit,
1744 1806 1794 1872 st
1815 1791 2052 1877 e'Paulania

755 1921 958 2024 constat,
996 1915 1438 2004 tumteroDiacum
1479 1919 1658 2025 excepit
1696 1915 1952 2023 Critolaus,
1991 1923 2053 2002 ri-

759 2053 836 2135 des
858 2049 1109 2139 Critolaum
1130 2049 1187 2133 Α.
1210 2045 1411 2132 Achaico
1451 2067 1544 2151 135
1571 2042 1731 2132 lectum
1771 2070 2048 2156 praetorem,

758 2180 920 2263 eadem
947 2177 1109 2265 aestate
1128 2171 1267 2260 fusum
1300 2175 1351 2257 ad
1380 2170 1713 2284 Thermopylas
1737 2175 1831 2259 effe.
1891 2175 2049 2262 Diaeo

762 2322 1001 2418 praetore,
1038 2304 1093 2390 Α.
1115 2301 1317 2390 Achaico
1343 2327 1439 2407 132
1462 2299 1627 2412 legatis.
1648 2305 1864 2393 Romanis
1887 2306 2054 2394 Corin.

762 2432 834 2524 thi
854 2434 1004 2518 datum
1025 2429 1290 2533 concilium,
1330 2430 1483 2542 inquo
1512 2454 1609 2516 cum
1640 2429 1777 2516 effert
1807 2457 2051 2546 propemo-

763 2563 870 2648 dum
890 2557 1076 2662 riolati,
1102 2555 1398 2668 ignominiose
1419 2560 1568 2668 utique
1587 2558 1723 2646 habiti
1736 2615 1749 2666 ,
1774 2565 1957 2647 caullam
1978 2587 2050 2648 ex·

761 2691 886 2776 cidio
904 2689 1021 2775 urbis
1039 2687 1291 2801 praebuere.
1318 2691 1390 2794 (7)
1454 2687 1569 2778 Nam
1593 2691 1729 2776 etiam
1762 2690 1834 2775 hic
1854 2679 1894 2776 iu
1914 2691 2052 2777 Floro

763 2843 895 2907 error
914 2814 1198 2904 refellendus:
1234 2807 1447 2904 Critolaus
1481 2811 1612 2930 cauffo
1644 2815 1756 2922 belli,
1790 2823 1862 2932 qui
1907 2819 2053 2934 legatos

762 2945 988 3049 humor,
1021 2943 1182 3034 dulium
1197 2970 1250 3031 aa
1270 2970 1385 3031 manu
1405 2957 1513 3032 certe
1531 2949 1716 3032 oratione
1733 2948 1924 3036 uiolauit.
1952 2949 2063 3058 „D-iJ.
2134 3025 2138 3030 .

763 3099 894 3160 aeona
914 3076 1062 3166 dicere
1083 3074 1315 3187 oportuit:
1352 3073 1579 3164 Critolaus
1597 3075 1991 3186 legatis·Romanis
2009 3081 2051 3163 in

763 3201 964 3288 concilio
986 3201 1151 3290 nullum
1173 3203 1432 3316 responsum
1454 3201 1597 3309 dedit,
1633 3203 1743 3290 iullrs
1774 3209 1923 3294 redire
1962 3208 2053 3318 post

765 3331 938 3419 sextum
960 3333 1180 3420 mensem:
1219 3357 1356 3442 neque
1375 3351 1526 3418 tamen
1546 3337 1619 3419 tel
1640 3334 1780 3420 uerbo
1802 3335 1875 3424 vel
1893 3364 1944 3423 re
1963 3363 2055 3424 mo·

766 3459 894 3546 lellus
912 3460 1003 3546 fuit.
1067 3462 1164 3550 Iam
1185 3478 1232 3547 et
1265 3458 1544 3548 Menalcidae
1571 3483 1824 3576 praeturam
1848 3487 1893 3552 et
1925 3467 2052 3556 Diaei

766 3592 960 3702 primam
983 3589 1104 3676 tides
1128 3591 1246 3678 reue
1275 3589 1564 3676 collocatam.
1633 3593 1795 3681 Mutuo
1825 3597 1944 3680 enim
1976 3598 2055 3682 sese

772 3739 935 3803 omnes
956 3717 1058 3805 illae
1079 3738 1336 3832 praeturae,
1373 3743 1476 3831 quas
1496 3721 1784 3840 produarimus
1806 3749 1829 3810 e
1848 3725 2058 3838 Pausania,

768 3869 1063 3958 exceperunt.
1135 3848 1361 3960 Postquam
1382 3848 1610 3938 Critolaus
1630 3851 1798 3938 cecidit
1820 3905 1833 3957 ,
1869 3853 2054 3963 Diaeus,

770 3972 949 4065 Achaei
964 3991 1092 4065 motus
1108 3991 1269 4090 premas
1288 3971 1454 4082 aullor,
1493 3975 1542 4062 ut
1563 4003 1669 4066 vere
1693 3981 1863 4086 Liuius,
1907 3987 1950 4070 ei
1983 3982 2057 4070 suf·

769 4103 921 4212 secius,
943 4108 1096 4217 copias
1115 4105 1299 4216 collegit
1320 4125 1365 4190 et
1386 4109 1443 4194 erl
1458 4103 1632 4221 isthmon
1650 4135 1677 4195 a
1695 4101 2060 4201 LMummocos.

766 4228 999 4347 uitlusest,
1035 4255 1084 4321 rt
1111 4233 1242 4318 hahet
1273 4236 1476 4347 epitoma
1502 4239 1629 4324 Liuii·
1697 4241 1814 4328 Nam
1855 4243 2059 4330 Metellus

772 4385 857 4472 per
877 4360 1135 4450 Thebanum
1157 4388 1330 4474 agrum,
1353 4368 1609 4473 Megaram,
1651 4368 1754 4452 inde
1775 4370 1829 4453 ad
1849 4371 2056 4458 lllhmum

772 4492 914 4577 duxit.
952 4489 1076 4577 Dum
1096 4491 1137 4578 se
1160 4495 1214 4579 ad
1233 4493 1450 4617 praelium
1473 4495 1661 4608 accingit
1675 4549 1688 4602 ,
1709 4495 2057 4595 MummiusCos.
2088 4549 2096 4558 ·

2013 4633 2057 4713 io

704 4864 709 4874 ⁴
854 4771 915 4853 (⁶)
934 4790 964 4851 r·
984 4788 1055 4852 sss·
1093 4771 1154 4852 (a)
1178 4772 1292 4856 Pus-r
1323 4773 1393 4856 55⁶·
