4459 6017
563 575 960 686 iruVSTRATi.
1152 687 1155 700 ,
1314 617 1409 704 425

133 821 297 928 scribit,
333 833 501 910 etium
530 805 724 913 maxime
756 825 928 911 adfuisse
959 827 1010 946 Q.
1052 825 1267 914 Marcium
1296 827 1415 942 lega·

134 974 226 1039 tum
256 953 536 1056 Romanum,
574 981 704 1066 quem
735 959 891 1040 iisdem
924 954 1042 1043 Coss.
1078 955 1261 1041 Senatus
1289 965 1414 1046 mise·

129 1102 224 1184 rat,
273 1104 338 1186 vt,
375 1085 583 1193 quoniam
619 1081 815 1170 Messene
864 1084 1098 1167 desciuerat
1144 1113 1168 1172 a
1221 1089 1416 1172 concilio

126 1209 350 1315 Achaico,
388 1239 457 1297 res
494 1211 715 1297 sociorum
736 1214 782 1294 in
801 1211 1114 1329 Peloponneso
1149 1213 1412 1322 adspiceret,

128 1363 227 1422 cuni
268 1365 292 1421 e
331 1340 595 1426 Macedonia
635 1339 852 1443 rediisset,
885 1345 931 1426 in
976 1344 1102 1453 quam
1144 1341 1416 1451 potissimum

129 1465 400 1553 mittebatur.
419 1473 491 1572 (8)
554 1467 711 1554 Exhis
748 1467 874 1554 sicile
913 1469 1156 1577 intelligas,
1201 1469 1418 1580 superiori
1453 1499 1455 1506 ’

127 1593 275 1682 hieme
312 1595 512 1682 defecisse
547 1597 812 1702 Messenios,
849 1622 898 1683 vt
919 1622 1156 1710 peruagata
1177 1601 1243 1681 rei
1281 1599 1413 1708 sama,
1556 1645 1559 1650 ·

126 1727 277 1814 Roma
310 1729 457 1812 excire
489 1730 575 1810 eiua
602 1736 754 1813 excitu
787 1730 903 1812 veris
939 1728 1134 1837 legatum
1156 1731 1415 1821 Romanum

129 1855 291 1964 posset.
357 1856 495 1940 Venit
534 1859 727 1966 primum
772 1860 818 1940 in
866 1856 1197 1963 Macedoniam,
1233 1879 1327 1941 tum
1366 1862 1414 1944 in

128 1983 649 2096 Peloponnesum,‘quod
669 1988 933 2097 aliquantum
957 1989 1176 2098 temporis
1205 1987 1415 2070 interual-

126 2109 504 2224 lumrequirebat:
525 2135 675 2196 tamen
695 2140 792 2225 cum
815 2117 1009 2202 Romam
1033 2117 1188 2217 rediit,
1227 2115 1337 2198 nihil
1358 2119 1413 2200 de

125 2239 487 2350 Philopoemenis
508 2245 630 2326 exitu
652 2225 898 2347 adferebat,
943 2268 966 2324 e
987 2245 1218 2327 contrario
1239 2223 1414 2330 Achae·

127 2393 256 2452 orum
279 2369 530 2477 potentiam
551 2371 824 2452 criminantis
844 2371 889 2449 in
911 2372 1093 2453 modum
1117 2371 1412 2478 praedicabat.
1526 2381 1527 2386 '

124 2498 223 2584 suit
243 2501 375 2604 igitur
395 2495 528 2580 initio
549 2496 742 2600 aestatis,
766 2521 863 2581 cum
886 2497 1146 2614 tharcius
1167 2498 1414 2584 inAchaeit

125 2647 300 2736 ageret,
321 2625 428 2708 nihil
450 2648 630 2732 magnae
651 2628 715 2706 rei
737 2626 1003 2732 susceptum:
1041 2625 1191 2736 paullo
1216 2627 1312 2731 post
1336 2651 1411 2711 ve·

122 2782 178 2838 ro
192 2753 516 2864 Philopoemen
540 2774 722 2860 praetor
742 2773 893 2864 captus
915 2775 959 2837 et
981 2747 1170 2858 necatus,
1195 2754 1412 2864 Lycortas

125 2881 410 2968 suffectussub
438 2883 669 2966 audiumno
691 2884 735 2966 in
773 2884 969 2966 concilio
1009 2883 1248 2970 Messenios
1286 2887 1411 2970 testi·

122 3014 222 3095 tuit.
245 3015 311 3116 (9)
374 3010 479 3127 Quis
500 3033 644 3092 autem
677 2995 786 3094 mihi
815 3013 1103 3129 repugnabit,
1145 3011 1174 3094 sr
1221 3013 1410 3100 eundem

119 3139 361 3247 Lycortnm
403 3139 497 3246 post
534 3136 752 3223 suffedium
791 3142 1111 3248 magistratum,
1157 3162 1410 3253 praeturam
1452 3166 1458 3174 ’

121 3292 295 3380 quoque
318 3266 532 3378 sequentis
547 3271 654 3359 ¹anni
678 3268 848 3352 obrem
872 3270 983 3352 bene
1005 3271 1163 3380 gestam
1183 3271 1410 3382 suscepisse

125 3388 297 3480 dicam?
335 3392 407 3479 Sic
429 3399 609 3481 meritus
629 3416 749 3498 erat,
787 3398 842 3481 sic
873 3401 983 3482 mihi
1013 3403 1173 3482 uideor
1202 3399 1409 3488 Achaeos

122 3524 402 3635 pernouilse,
425 3545 473 3610 vt
495 3528 652 3611 merita
674 3524 896 3612 nullasne
915 3532 1123 3638 praemio
1143 3528 1317 3614 virtutis
1337 3553 1408 3614 re·

122 3651 386 3766 linquerent.
926 3737 931 3744 ,

239 3783 297 3870 11.
334 3781 516 3894 insignis
543 3807 714 3898 quoque
741 3784 800 3868 est
829 3785 1011 3873 secunda
1038 3785 1407 3898 Philopoemenis

121 3932 352 4022 praetura,
386 3915 429 3993 in
451 3940 531 4022 qua
551 3917 773 4004 Nemeum
791 3917 1008 4002 ludicrum
1040 3919 1275 4025 spectauit,
1317 3947 1407 4010 non

119 4065 289 4148 magno
328 4039 609 4126 interualloa
647 4070 789 4156 pugna
825 4049 876 4131 ad
914 4046 1215 4148 Mantineam,
1254 4048 1410 4160 insigni

62 4275 68 4282 ἢ
117 4166 300 4253 honore
320 4190 365 4249 et
389 4166 544 4278 populi
577 4169 719 4279 plausu
740 4197 977 4283 exceptus,
1018 4173 1126 4258 teste
1155 4173 1407 4269 Plutarcho.

114 4303 223 4398 (ro)
286 4297 458 4416 Nemea
512 4296 583 4380 illa
622 4297 703 4382 alia
743 4295 827 4383 esse
875 4327 967 4383 non
1026 4302 1229 4410 possunt,
1277 4333 1406 4416 quam

115 4425 399 4535 Olympiadis
420 4423 620 4513 CXLIII.
646 4455 690 4533 3.
730 4451 849 4512 anno
887 4431 1084 4514 ineunte.
1155 4431 1227 4518 Sic
1257 4459 1404 4522 autem

119 4547 240 4640 Toni.
259 4549 314 4639 V.
744 4557 813 4640 lii
992 4602 995 4608 ¹
1313 4565 1404 4650 Plu·
