4459 6017
795 533 895 652 ⁵³⁸
936 647 949 658 .
1030 537 1032 542 ’
1276 511 1368 616 DE
1402 511 1599 620 Nom

798 777 884 864 sim
923 769 977 859 sd
1010 792 1060 858 es
1079 765 1425 878 coniugiendum
1445 767 1532 872 est,
1567 788 1677 877 quae
1697 759 1879 880 superius
1897 768 1943 859 de
1960 770 2029 865 rusx

785 896 1031 1019 'guitudine'
1060 921 1340 1012 corporum,
1379 916 1426 982 et
1463 896 1642 1010 reliquis
1676 900 1954 986 uertebrarum
1971 903 2029 990 ‹iil-

789 1033 994 1124 ferentiis
1030 1032 1241 1118 diximus:
1280 1031 1445 1139 partim
1468 1026 1730 1113 adminicula
1749 1012 2033 1144 quaedam'pm

792 1161 996 1252 ticulariu
1030 1158 1332 1273 conquirenda
1355 1161 1478 1244 sunt.
1545 1159 1603 1245 Et
1638 1158 1812 1269 quidem
1849 1161 1891 1242 iu
1918 1185 2031 1248 uerte·

794 1295 884 1382 bris
923 1288 1030 1380 colli
1067 1291 1122 1378 ad
1158 1287 1266 1374 hae'c
1304 1288 1509 1376 attende:
1543 1289 1762 1375 Vertebra
1797 1292 2034 1401 primaeuus

792 1437 981 1539 corpore,
1017 1439 1063 1506 et
1102 1419 1351 1529 proceffum
1378 1408 1568 1536 spirituum
1587 1417 1719 1505 habet
1744 1421 1905 1524 nulum,
1936 1421 2033 1533 septi·

800 1579 874 1641 mu
908 1549 1039 1638 habet
1059 1549 1328 1661 longifflmum‚
1363 1550 1546 1635 secunda
1565 1550 1702 1635 dente
1721 1552 1796 1634 luo
1824 1550 1914 1635 satis
1929 1552 2036 1636 dillin-

796 1688 896 1787 eta,
934 1679 1217 1788 craſjiffimum3
1252 1697 1487 1790 praeterea
1528 1680 1574 1762 in
1610 1682 1814 1766 uertebra
1850 1679 2036 1790 primailli

801 1813 942 1917 finus,
981 1815 1053 1923 qui
1089 1807 1313 1922 procellis
1351 1805 1450 1894 offis
1496 1809 1703 1920 occipitis
1747 1811 1970 1922 recipiunt,
2008 1829 2077 1894 etx

767 2057 769 2062 ,
801 1940 1074 2058 profundius
1096 1942 1268 2048 causti,
1305 1955 1354 2022 et
1389 1939 1568 2048 longius
1603 1933 1819 2052 protracti
1860 1965 1905 2026 ac
1947 1935 2040 2024 lunari

802 2071 920 2188 quasi
956 2069 1078 2180 sunt,
1114 2094 1244 2180 quam
1283 2068 1433 2180 quibus
1470 2095 1567 2154 cum
1598 2069 2043 2154 vertebrusecundsu.

804 2199 1029 2294 ticulstur.
1096 2196 1308 2308 Reliquae
1326 2199 1433 2285 colli
1453 2188 1684 2285 uertebrae
1696 2253 1711 2306 ,
1750 2225 1838 2312 quo
1858 2200 1975 2307 magis
1990 2199 2043 2279 de·

805 2329 1045 2434 scendunt,
1081 2353 1141 2412 eo
1177 2349 1225 2413 et
1270 2329 1486 2414 tenuiorem
1514 2331 1682 2438 spinam
1712 2329 1894 2434 hebent,
1927 2349 1965 2411 et
1987 2325 2043 2411 lu·

794 2461 970 2580 giorum.
1039 2457 1258 2546 Ordinem
1296 2455 1601 2543 vertebrarum
1642 2457 1764 2544 dorsi
1785 2459 1982 2570 imprimis
1997 2451 2046 2540 si·

807 2597 959 2678 iuuant
996 2585 1061 2672 illi
1088 2587 1227 2701 finus,
1266 2611 1376 2698 quos
1413 2587 1631 2672 costarum
1670 2591 1815 2700 gratia
1838 2585 2049 2700 corporibus

807 2718 1053 2830 insculptos
1088 2719 1423 2826 supradiximus.
1492 2717 1603 2835 Quia
1626 2722 1745 2803 enim
1780 2721 1936 2825 costae,
1954 2740 2047 2808 exce·

809 2854 897 2966 ptis
935 2850 1080 2961 prima
1101 2863 1147 2933 et
1167 2841 1326 2936 duabus
1346 2843 1535 2953 ultimis,
1577 2848 1889 2958 applantuntur
1906 2849 1952 2935 ud
1970 2868 2050 2930 mu·

812 2981 939 3091 giues
959 2999 1005 3065 et
1035 2973 1231 3060 confinia
1260 3001 1505 3087 corporum
1532 2975 1748 3088 duorum3
1788 2979 1886 3064 hius
1919 2973 2052 3092 quaeuis

811 3103 1423 3220 uertebraduossmushabet‚
1463 3130 1597 3192 unum
1635 3109 1682 3224 iq
1719 3107 1862 3196 limbo
1897 3111 2055 3218 superio·

817 3261 892 3340 se,
932 3235 1125 3324 alterum
1146 3236 1191 3319 in
1211 3233 1451 3344 inferiore,
1488 3235 1560 3322 sed
1590 3263 1679 3351 quo
1711 3243 1852 3352 magis
1870 3237 2058 3326 vertebrae

818 3366 1110 3470 descendunt,
1148 3385 1206 3450 eo
1244 3367 1383 3478 magis
1408 3391 1580 3480 quoque
1600 3367 1743 3453 coliae
1775 3369 1924 3458 abillo
1952 3360 2059 3452 confi·

775 3533 776 3536 ¹
818 3501 900 3586 uio
937 3496 1178 3601 recedunt,
1216 3515 1264 3582 et
1301 3497 1413 3584 smus
1447 3499 1510 3582 illi
1548 3499 1592 3580 in
1628 3497 1771 3585 limbo
1797 3499 1993 3588 inferiore
2008 3495 2063 3578 de·

821 3627 1018 3716 crescunt
1031 3681 1043 3730 ,
1084 3627 1229 3712 donec
1265 3628 1327 3748 iu¹
1345 3628 1484 3713 tribus
1503 3626 1668 3715 ultimis
1688 3631 1819 3740 plane
1840 3627 2067 3728 cumessam,

824 3776 870 3842 et
908 3757 1026 3842 colia
1062 3755 1328 3843 duodecima
1360 3760 1407 3840 in
1441 3757 1647 3844 uertebra
1683 3758 1943 3846 duodecima
1978 3753 2064 3855 sou,

824 3887 940 3972 circa
964 3887 1158 3972 medium
1182 3887 1447 3998 corpussere
1467 3886 1579 3973 illius
1598 3891 1993 4002 requiescet.Atque
2007 3881 2069 3968 ho·

823 4013 921 4104 nim
951 4015 1112 4132 finitum
1145 4029 1357 4128 augnunta
1391 4038 1437 4103 et
1473 4021 1725 4106 decrementa
1769 4025 1817 4110 in
1857 4010 2072 4129 redigendis

824 4144 1047 4256 spondylis
1084 4144 1200 4230 dorsu
1237 4145 1474 4257 plurimum
1493 4171 1538 4236 te
1569 4150 1788 4239 iuuabunt.
1859 4149 2072 4237 vertebrae

824 4273 1042 4360 lumbares
1080 4296 1259 4384 praeter
1294 4275 1526 4365 craffitiem
1563 4305 1809 4390 corporum
1848 4281 1991 4367 sensim
2021 4301 2076 4358 eu·

826 4407 940 4496 stam
979 4402 1115 4489 nullas
1152 4406 1393 4516 peculiares
1429 4428 1558 4510 notus
1595 4395 2077 4514 heberevidentur,nill

692 4646 697 4654 ἱ
825 4533 946 4664 quod
966 4536 1115 4632 ,tertia
1149 4537 1222 4627 seu
1257 4525 1404 4630 medis
1438 4541 1688 4659 processum
1719 4532 2077 4752 trausuersumbha·

1473 4685 1480 4692 ’
2026 4675 2081 4750 est
