4459 6017
415 501 656 644 renent
673 509 1146 616 tcurrucnnrn.
1334 429 1468 634 aec

161 758 329 860 iacere,
369 753 565 844 Africam
604 757 658 844 ad
694 759 924 846 meridiem
960 761 1128 846 torreri
1163 759 1279 847 aeliu
1305 759 1452 847 nimio

161 886 279 971 solia:
314 883 532 996 plurimos
557 887 603 970 in
640 883 822 974 Suionia
859 887 944 972 esse
966 893 1146 996 traduc,
1180 887 1355 976 diuerfic
1384 891 1453 976 di·

159 1013 316 1124 slingtri
349 1015 510 1123 linguis
544 1031 588 1098 et
617 1019 735 1100 tatia
758 1021 1031 1126 populorum
1070 1016 1354 1104 multitudine
1373 1018 1453 1102 ab·

159 1139 468 1234 ondatczesse
506 1140 629 1226 illhic
669 1143 899 1254 gigantes,
954 1169 1227 1260 pygmaeos,
1282 1142 1454 1256 pugiles
1499 1138 1502 1145 ’

101 1277 111 1286 ”
157 1269 330 1356 subfusci
364 1267 554 1374 coloris,
590 1293 749 1380 gentes
786 1270 1086 1383 prodigiosas,
1138 1292 1235 1356 torn
1269 1275 1447 1382 serpen·

161 1419 227 1482 tes
263 1399 498 1510 stupendae
535 1390 866 1512 magnitudinis.¹
927 1401 999 1488 Ex
1035 1403 1262 1486 montium
1288 1400 1449 1486 borea·

160 1525 268 1610 lium
304 1529 410 1638 iugis
445 1523 707 1613 descendere
742 1527 958 1637 Tanaim,
992 1527 1102 1616 olim
1123 1529 1287 1630 didium
1307 1521 1448 1614 nane.

160 1649 288 1770 quill,
324 1657 395 1742 scu
431 1649 681 1769 Vanaqut’tl,
727 1653 967 1762 (Venerunt
992 1657 1199 1774 flunimn)
1240 1657 1313 1766 qui
1368 1679 1452 1766 per

159 1779 316 1871 Sossios
351 1785 550 1868 desecetur
584 1787 629 1867 in
664 1784 791 1872 Mare
827 1789 1015 1898 Nigrum
1054 1786 1138 1870 sese
1170 1803 1454 1893 exponeret:

159 1913 396 2024 regionem
432 1909 555 1996 huius
601 1910 722 1996 fluuii
764 1913 950 2000 brachiis
1002 1912 1307 2017 interclusam,
1356 1909 1449 2000 Va·

158 2037 327 2145 roland,
360 2039 436 2126 vel
474 2035 521 2128 V
515 2037 768 2146 ambernac,
810 2041 1023 2132 Venerunt
1059 2055 1216 2130 terrant
1233 2041 1336 2125 dici.
1375 2039 1454 2128 nb

158 2171 300 2256 Tanai
336 2167 418 2254 illo
453 2190 543 2254 trec
580 2167 698 2258 orbis
732 2174 940 2282 regiones
972 2171 1107 2257 diuidi
1145 2192 1191 2256 et
1218 2170 1450 2282 Euro-paen

160 2297 215 2384 rb
249 2295 351 2386 Alia
388 2297 590 2384 discerni.
634 2340 643 2357 ·
776 2285 778 2292 '

272 2555 492 2641 lianccine
514 2554 631 2642 adeo
649 2553 843 2640 sormam
862 2574 1011 2642 tetrae
1025 2548 1201 2644 Snorto
1223 2550 1448 2642 Sturlaeus

157 2679 311 2790 paullo
333 2695 506 2772 anteA.
532 2687 585 2774 C.
611 2713 755 2792 ιαμ.
795 2686 927 2769 edere
954 2677 1134 2794 potuits
1170 2685 1351 2794 Nempe
1380 2685 1452 2771 ni·

156 2801 223 2894 ltil
259 2835 415 2897 eorum
453 2813 587 2916 dicit,
623 2837 732 2926 quae
770 2833 863 2898 tum
901 2833 1092 2924 propter
1111 2813 1285 2898 crebras
1313 2809 1449 2898 Scan·

159 2940 420 3026 dinauorum
455 2963 575 3030 tetta
612 2933 804 3052 marique
828 2941 1128 3050 profedlionea
1170 2961 1279 3028 uota
1300 2958 1453 3026 etant:
1580 2992 1584 2998 «

85 3141 87 3146 ,
157 3065 316 3152 libellis
352 3069 603 3180 quibusdam
649 3069 807 3180 lepidis
851 3067 1003 3156 laercle
1038 3089 1084 3158 ct
1137 3069 1323 3161 eruditis
1368 3091 1443 3156 au·

155 3193 341 3281 scultare
376 3197 540 3284 maluit.
618 3195 1048 3310 septemtrionalem
1073 3307 1075 3312 Ι
1103 3201 1290 3288 eranum
1325 3195 1456 3282 habi·

157 3323 243 3408 tari
286 3323 408 3436 posse
455 3347 615 3440 negat,
670 3347 715 3412 et
756 3326 903 3412 nescio
938 3353 1047 3437 quae
1085 3327 1281 3412 moollra
1315 3327 1365 3411 iis
1401 3325 1450 3410 in

158 3451 270 3538 locis
303 3453 567 3540 disseminat.
634 3457 748 3576 Quid
785 3447 965 3540 autem?
1019 3453 1188 3542 nihilne
1236 3453 1280 3539 ci
1319 3451 1447 3542 Biat-

160 3583 278 3666 miae
313 3584 383 3670 seu
418 3583 642 3690 Pernriae,
677 3587 731 3671 ad
775 3584 1003 3670 borealem
1047 3607 1181 3695 nsque
1228 3603 1449 3666 oceanum

159 3708 326 3816 cultae,
363 3715 408 3798 in
447 3735 647 3799 mentem
685 3705 841 3800 venies
875 3737 1002 3823 quam
1049 3737 1162 3800 nero
1204 3703 1453 3824 Noruagos

157 3835 214 3924 ad
247 3841 512 3946 quaerendas
548 3841 625 3928 srbi
658 3841 832 3928 diuitias
869 3839 1047 3926 nauibus
1078 3839 1259 3944 adiisse,
1295 3841 1368 3928 tel
1390 3861 1449 3924 ex
1564 3863 1569 3870 ·

160 3962 394 4054 Snorrone
413 3954 596 4055 constat.
636 3971 824 4060 Minime
844 3972 1065 4082 gentiunt,
1096 3968 1301 4058 audiendi
1319 3982 1449 4051 erant

158 4095 437 4206 potimini,
477 4101 548 4210 qui
585 4112 642 4184 un
669 4097 860 4189 ‘Graecia
903 4099 1154 4212 Latinisque
1201 4098 1462 4196 hauserant„

155 4225 217 4312 lli
254 4247 367 4310 tero
400 4227 756 4339 septentrionem
792 4249 974 4312 omnem
1013 4227 1245 4341 solitudine
1279 4249 1325 4312 et
1353 4247 1447 4311 ter·

157 4354 331 4438 roribus
361 4355 546 4441 immitia
583 4358 692 4442 caeli
727 4355 994 4467 implerunt,
1033 4358 1101 4464 hi,
1148 4358 1256 4446 teste
1299 4353 1455 4444 Eusta-

158 4479 261 4572 tltio
297 4479 669 4576 Thesnlonicenn
703 4482 748 4572 in
785 4481 1060 4606 praelatione
1093 4480 1454 4576 commentario·

1320 4628 1455 4704 ,ΝΒ
