4459 6017
188 561 276 666 Du·
307 509 642 682 nantum
673 557 766 658 ΕΤ
786 560 1007 722 rourrs
1038 563 1335 669 crcrrortrr.
1361 517 1459 702 ¹2?

305 1021 343 1142 9.
387 1059 428 1118 2.
465 1029 561 1118 Lufi
598 1059 678 1142 per
715 1033 825 1120 hauc
862 1017 1056 1122 hiemem
1102 1033 1300 1121 colendo
1345 1033 1461 1122 radi·

89 1254 98 1276 4
185 1187 256 1248 ces
287 1159 513 1250 Cichorii.
581 1163 622 1248 A
658 1165 904 1250 domestico
944 1163 1016 1247 vsu
1056 1169 1288 1274 negotium
1328 1167 1461 1250 ador·

184 1293 265 1394 sus,
306 1289 458 1374 finium
496 1293 541 1372 in
576 1279 843 1402 obseruatione
870 1289 1080 1377 Botanica.
1128 1293 1294 1380 -Dolio
1336 1297 1462 1380 siua-

184 1421 256 1506 rio
292 1410 470 1528 'aliquot'
496 1424 695 1506 centenis
731 1422 908 1530 pertuso
944 1420 1252 1523 foraminibus,
1287 1421 1460 1506 irater·

181 1550 443 1654 ram,-tenui
478 1573 609 1632 arena
646 1553 859 1656 mixtam,
899 1570 944 1633 et
981 1551 1149 1634 radices
1171 1571 1460 1657 memoratas,

145 1759 153 1762 -
183 1675 387 1764 commiss
427 1680 605 1762 alternis
643 1676 889 1784 ordinibus,
929 1697 977 1761 rt
1016 1703 1040 1760 e
1076 1677 1245 1789 singulis
1271 1675 1484 1761 sorami·'

183 1809 633 1914 nibusprominerer
688 1807 843 1894 radicis
888 1807 1235 1892 horizontaliter
1287 1805 1458 1916 posrtae

180 1949 355 2024 vertex.
423 1935 492 2020 Eo
513 1935 626 2020 fallo
649 1939 818 2022 attendi
839 1936 1183 2051 phaenomenis,
1227 1959 1335 2049 quae
1356 1956 1459 2048 moe

180 2067 358 2150 derasus
396 2066 667 2174 parturiebat
705 2063 960 2176 hypocausti
989 2065 1134 2178 *calon

298 2245 348 2382 ᾗ.
386 2258 687 2368 3..Vulgare,
735 2281 817 2344 nec
861 2283 1039 2369 praeter
1083 2260 1456 2372 ,expectationem

176 2382 286 2491 suit,
323 2384 428 2475 folia
467 2389 521 2474 fic
559 2388 787 2499 protrudi,
824 2411 873 2472 vt
911 2391 1069 2473 sursum
1106 2390 1303 2500 uniuersa
1322 2385 1456 2490 relle-

174 2517 427 2624 cierentur,
464 2541 593 2631 atque
631 2541 816 2604 omnem
838 2516 947 2602 dolii
970 2517 1194 2622 ambitum,
1229 2517 1458 2600 crescente

171 2645 224 2731 in
257 2644 348 2729 dies
367 2673 555 2751 corona,
594 2653 842 2761 cingerent.
906 2649 1015 2730 Earn
1058 2647 1168 2731 mihi
1186 2648 1309 2755 spem
1338 2642 1456 2727 fece·

168 2795 280 2860 rant
317 2777 425 2883 visa,
480 2801 588 2888 quae
632 2773 857 2865 Dodartus
904 2777 1100 2880 narrauit
1141 2777 1186 2863 in
1232 2765 1457 2859 Memoriis

168 2899 415 2994 Acraeam
450 2904 717 2996 Scientiarrtm
752 2897 960 3016 Paristnae
977 2905 1033 2990 rtd
1048 2903 1104 2994 A.
1133 2928 1274 3010 1700.
1282 2915 1327 3016 p.
1342 2925 1421 3012 74.

182 3203 186 3212 ,
258 3090 418 3208 ,Μ
468 3101 624 3194 Rarius
665 3095 775 3184 illud
820 3099 1065 3186 existimaui
1109 3102 1279 3208 silum,
1332 3095 1474 3210 quodx

156 3221 291 3312 'cirea
325 3227 504 3314 ordinem
543 3251 587 3312 et
607 3230 754 3314 nudum
773 3231 943 3342 originis
960 3229 1236 3317 radicaturum
1258 3225 1455 3313 animati·
1478 3283 1482 3288 -

162 3359 330 3442 uerti.¹
374 3345 657 3447 E'i'adicibus
692 3359 970 3470 longioribus
1014 3349 1160 3444 c'ultro
1204 3353 1455 3442 abscindere

162 3481 404 3595 segmenta
440 3487 657 3574 neceffum
693 3483 787 3571 suit.
857 3487 1143 3574 Vidi'autem
1165 3486 1262 3599 post
1283 3485 1452 3594 aliquot

163 3603 368 3729 tempus,
404 3617 476 3702 vbi
512 3619 679 3704 radices
712 3619 913 3726 quasdam
938 3613 1176 3700 extrahere
1196 3611 1322 3700 dolio
1343 3635 1453 3696 con-

162 3745 307 3852 tigit,
356 3769 493 3840 nouas
538 3747 580 3832 in
626 3743 820 3830 senione
867 3743 939 3828 illa
983 3743 1194 3831 radiculas
1235 3730 1455 3856 prodiress,

154 3873 339 3960 scillcet
361 3877 405 3957 in
425 3876 627 3960 sectionis
646 3873 911 3960 transuersae
952 3891 1079 3984 purte
1100 3899 1174 3979 ea,
1210 3883 1318 3987 quae
1345 3896 1449 3956 ror·
1541 3885 1545 3890 “

157 4005 311 4088 tieem
351 4028 374 4084 a
411 4003 631 4088 substantia
653 4003 821 4113 separat
840 4000 1026 4114 lignosa,
1050 4005 1203 4114 primo
1226 4002 1451 4087 tubercula

153 4133 325 4234 exire,
362 4153 491 4241 atque
529 4158 586 4217 ex
621 4127 724 4240 illis,
758 4132 830 4216 ubi
851 4153 1187 4243 rumperentur,
1227 4128 1451 4216 radiculas.

106 4306 113 4314 ·
151 4261 252 4347 Hic
277 4251 386 4341 locut
410 4282 503 4344 erat
524 4259 637 4370 quast
654 4261 854 4374 proprius.
905 4261 1169 4348 Paucilsrmas
1186 4263 1280 4347 ridi
1298 4285 1447 4345 erum·

150 4413 283 4500 pere
305 4385 427 4490 alibi,
451 4410 578 4501 atque
600 4391 789 4476 omnino
810 4391 894 4498 ibi,
916 4391 988 4479 tbi
1007 4393 1272 4482 insertiones
1292 4407 1445 4494 erant,

147 4542 276 4634 quas
309 4517 446 4630 uulgo
483 4539 666 4605 vocant.

1323 4634 1362 4736 l.
1401 4665 1449 4752 5.
