4459 6017
777 545 870 654 290
993 519 1082 622 na
1123 436 1502 616 carnutum
1535 507 1901 624 annotata

772 777 910 867 tionis
944 775 1208 862 tendentem
1240 771 1500 882 conspicere
1524 795 1698 886 quoque
1719 768 1920 883 procliue
1941 785 2051 879 erat,

772 914 816 998 in
856 911 974 992 cuius
1009 929 1135 993 terte
1179 901 1502 1014 disquisitione,
1530 905 1601 988 ob
1638 901 1916 988 vasculorum
1958 904 2051 986 exi·

771 1043 949 1127 litatem
985 1057 1029 1122 et
1069 1035 1350 1145 profundum¹
1383 1031 1615 1141 glandulae
1653 1021 1815 1142 'satum',·
1853 1030 2051 1140 singulari

774 1171 1002 1273 cautione,
1042 1185 1088 1249 et
1126 1161 1330 1267 industria
1369 1157 1482 1273 o'pus
1520 1161 1595 1246 est.
1648 1157 1964 1281 ‘Quamobrem
2001 1183 2051 1242 ea

775 1295 1055 1384 fimilitudiue
1093 1293 1213 1376 inter
1255 1291 1427 1376 dullum
1484 1287 1700 1404 Valsaluat
1745 1308 1791 1375 et
1842 1289 2051 1378 Nostrum

777 1445 1045 1539 apparente,
1082 1423 1136 1506 ad
1178 1419 1277 1506 Viri
1311 1419 1383 1508 Cl.
1417 1419 1681 1505 senteutiam
1718 1419 1850 1504 initio
1873 1419 2050 1505 accede·

774 1557 898 1658 bam,
920 1555 1096 1666 sperans
1118 1546 1356 1654 videlicet,
1382 1551 1606 1662 postquam
1630 1574 1687 1633 eo
1719 1550 1907 1636 inuento
1929 1575 2050 1666 prae·

776 1689 929 1797 cipuae
963 1678 1245 1769 difficultates
1283 1681 1337 1764 ad
1371 1683 1574 1766 dultuum
1624 1679 1902 1766 existentiam
1959 1678 2051 1790 spe·

777 1815 944 1904 &antea
981 1809 1176 1953 sublatae,
1201 1807 1362 1910 ellent,
1403 1809 1598 1921 amplam
1630 1832 1719 1893 tam
1741 1811 1910 1896 inuenti
1927 1831 2051 1921 quam

779 1946 873 2029 usus
910 1966 989 2028 nos
1028 1938 1260 2052 aliquando
1282 1937 1352 2022 seu
1374 1963 1431 2025 ex
1460 1939 1655 2051 ipsasmet
1677 1939 1745 2028 Cl.
1769 1941 1957 2025 Antoris
1978 1938 2056 2022 ob·

777 2071 1096 2160 seruationibus
1131 2068 1201 2153 seu
1240 2069 1525 2180 propriarum
1575 2056 1924 2180 disquisitionem
1971 2091 2056 2178 ope

781 2225 1045 2312 recepturos
1085 2195 1199 2284 elle:
1233 2199 1349 2283 Tum
1388 2199 1607 2310 temporis
1642 2200 1788 2304 enlm,
1829 2220 1990 2282 omues
2014 2201 2057 2287 in

782 2329 990 2444 praefatis
1035 2321 1390 2440 Obseruatt'onibus
1429 2329 1490 2416 X.
1543 2347 1588 2412 et
1633 2327 1714 2416 xl.
1770 2327 1925 2414 obuiae
1976 2332 2055 2415 cit·

784 2461 1064 2548 cumstautiae
1103 2456 1215 2542 haud
1251 2457 1351 2543 satis
1388 2459 1639 2570 perspectae
1673 2481 1830 2562 eraut,
1864 2477 2057 2573 quaeta·

785 2617 888 2677 men
925 2593 976 2676 ad
998 2585 1260 2700 propositae
1283 2587 1591 2698 disquisitionis
1614 2586 1960 2700 intelligentiam
1983 2586 2057 2670 sci·

783 2737 831 2808 tu
868 2717 1132 2804 necess'ariae
1166 2736 1212 2802 et
1246 2715 1496 2801 vtilillrmae
1534 2719 1653 2823 sunt,
1691 2721 1758 2804 t'tti
1803 2743 1861 2803 ex
1883 2719 2058 2827 sequen·

783 2851 894 2937 tibus
917 2848 1194 2962 perspicuum
1216 2846 1325 2936 erit:
1361 2847 1559 2960 Nempe,
1585 2868 1744 2933 contra
1768 2873 1912 2932 meam
1933 2872 2058 2956 prae·

786 2979 922 3064 latam
960 2979 1250 3079 sententiam,
1291 2977 1484 3064 ductibus
1522 3001 1545 3060 a
1600 2968 1796 3090 ValsaIua
1836 2975 2060 3087 descriptis

785 3107 1130 3194 obseruationes
1165 3103 1331 3190 nostras
1369 3107 1554 3193 minime
1592 3105 1864 3217 respondere
1886 3105 2063 3190 intelle·

785 3237 857 3342 xi,
903 3239 1056 3347 prouti
1077 3236 1339 3320 eorumdem
1367 3259 1490 3322 ortus
1508 3257 1553 3321 et
1599 3240 1903 3349 proprietates
1942 3237 2062 3321 iuxta

788 3365 1006 3478 praefatas
1063 3356 1419 3469 obseruationes,
1482 3366 1581 3453 satis
1637 3369 1881 3457 euincunt:
1956 3365 2061 3452 Illne

789 3499 907 3582 enim
945 3497 1120 3583 dullum
1160 3522 1184 3581 e
1234 3490 1437 3603 glandula
1492 3521 1623 3582 more
1658 3496 1766 3582 tasas
1820 3493 2062 3581 excretorii

788 3649 938 3710 ortum
977 3627 1170 3729 trahere,
1211 3624 1306 3709 Hae
1340 3622 1499 3709 contra
1536 3649 1560 3708 e
1595 3646 1754 3711 trunco
1786 3631 1976 3730 Aortae,
2014 3643 2062 3709 tt

789 3778 963 3841 caetera
997 3755 1093 3842 vasa
1129 3753 1377 3862 languinea,
1418 3754 1590 3841 dulium
1618 3756 1804 3866 prodire
1824 3753 2064 3841 declarant.

685 3909 689 3917 ’
788 3885 874 3972 Pro
912 3884 1064 3969 iisdem
1103 3907 1214 3992 ergo
1252 3880 1443 3968 ductibus
1487 3883 1638 3970 haberi
1676 3875 1794 3970 not(
1814 3882 1938 3996 poll'e
1974 3911 2063 3969 ma·

792 4013 988 4100 nilellum
1012 4011 1086 4100 est.
1155 4012 1394 4102 Caeterum
1418 4027 1574 4103 omnes
1608 3998 1826 4102 eiusmodi
1851 4012 2061 4102 Oblerna·
2101 4002 2106 4008 ¹
2181 4042 2182 4049 ¹

791 4143 956 4248 tiones,
979 4137 1043 4228 CI.
1077 4136 1128 4232 V
1123 4141 1181 4226 iri
1201 4143 1433 4226 inuentum
1460 4145 1647 4229 minime
1665 4148 1842 4257 quidem
1864 4141 2064 4230 infirma·

789 4299 865 4376 re,
889 4274 960 4384 tel
981 4272 1169 4356 eideme
1191 4269 1587 4364 direeioaduersari
1610 4273 1881 4386 fateor3pro
1902 4276 2065 4360 eodem
2181 4308 2182 4385 a

795 4401 1077 4489 tameu'teri
1112 4399 1253 4485 studio
1292 4399 1406 4488 haud
1443 4399 1788 4489 diffimutaudum
1826 4405 1909 4508 est,
1947 4406 2067 4516 quod
2181 4420 2182 4459 l

799 4561 841 4622 ι.
863 4531 1013 4628 erebra
1044 4551 1090 4622 et
1117 4529 1254 4656 longa
1274 4527 1591 4627 Glaudularum
1615 4534 1851 4626 Renalium
1877 4531 2069 4646 disquisr·
2181 4518 2182 4539 ¹

1938 4666 2066 4754 tione
2181 4770 2182 4799 ᾗ

2181 4814 2182 4853 l

2181 4870 2182 4921 l

2041 5129 2045 5139 ·
2178 4938 2183 5217 l
