<?xml version="1.0" encoding="UTF-8"?>
<!DOCTYPE html PUBLIC "-//W3C//DTD XHTML 1.0 Transitional//EN"
    "http://www.w3.org/TR/xhtml1/DTD/xhtml1-transitional.dtd">
<html xmlns="http://www.w3.org/1999/xhtml" xml:lang="en" lang="en">
 <head>
  <title>
</title>
<meta http-equiv="Content-Type" content="text/html;charset=utf-8" />
  <meta name='ocr-system' content='tesseract 3.04.00' />
  <meta name='ocr-capabilities' content='ocr_page ocr_carea ocr_par ocr_line ocrx_word'/>
</head>
<body>
  <div class='ocr_page' id='page_1' title='image "./commentariiacad03sssrgoog_0431.png"; bbox 0 0 4459 6017; ppageno 0'>
   <div class='ocr_carea' id='block_1_1' title="bbox 515 535 1464 708">
    <p class='ocr_par' dir='ltr' id='par_1_1' title="bbox 515 535 1464 708">
     <span class='ocr_line' id='line_1_1' title="bbox 515 535 1464 708; baseline 0.003 -28"><span class='ocrx_word' id='word_1_1' title='bbox 515 587 973 687; x_wconf 70' lang='lat' dir='ltr'>thwetum..</span> <span class='ocrx_word' id='word_1_2' title='bbox 1311 607 1404 708; x_wconf 55' lang='lat' dir='ltr'>gn,</span> <span class='ocrx_word' id='word_1_3' title='bbox 1455 535 1464 556; x_wconf 77' lang='grc'><em>’</em></span> 
     </span>
    </p>
   </div>
   <div class='ocr_carea' id='block_1_2' title="bbox 123 826 1480 4272">
    <p class='ocr_par' dir='ltr' id='par_1_2' title="bbox 123 826 1480 3250">
     <span class='ocr_line' id='line_1_2' title="bbox 136 826 1420 934; baseline -0.002 -14"><span class='ocrx_word' id='word_1_4' title='bbox 136 832 211 920; x_wconf 77' lang='lat' dir='ltr'>rbi</span> <span class='ocrx_word' id='word_1_5' title='bbox 243 828 397 919; x_wconf 78' lang='lat' dir='ltr'><strong>Helice</strong></span> <span class='ocrx_word' id='word_1_6' title='bbox 430 844 579 914; x_wconf 88' lang='lat' dir='ltr'>terrae</span> <span class='ocrx_word' id='word_1_7' title='bbox 616 849 746 914; x_wconf 88' lang='lat' dir='ltr'>motu</span> <span class='ocrx_word' id='word_1_8' title='bbox 780 826 997 916; x_wconf 78' lang='lat' dir='ltr'>conculsa</span> <span class='ocrx_word' id='word_1_9' title='bbox 1019 831 1272 934; x_wconf 73' lang='lat' dir='ltr'>(inaurem</span> <span class='ocrx_word' id='word_1_10' title='bbox 1306 833 1420 920; x_wconf 80' lang='lat' dir='ltr'>atel·</span> 
     </span>
     <span class='ocr_line' id='line_1_3' title="bbox 139 958 1421 1070; baseline 0.002 -24"><span class='ocrx_word' id='word_1_11' title='bbox 139 965 207 1046; x_wconf 91' lang='lat' dir='ltr'>dit</span> <span class='ocrx_word' id='word_1_12' title='bbox 237 958 511 1070; x_wconf 80' lang='lat' dir='ltr'>Olympiadis</span> <span class='ocrx_word' id='word_1_13' title='bbox 546 959 624 1066; x_wconf 80' lang='lat' dir='ltr'>CI.</span> <span class='ocrx_word' id='word_1_14' title='bbox 646 991 691 1064; x_wconf 85' lang='lat'>4.</span> <span class='ocrx_word' id='word_1_15' title='bbox 729 964 921 1069; x_wconf 83' lang='lat' dir='ltr'>utsupra</span> <span class='ocrx_word' id='word_1_16' title='bbox 948 961 1195 1062; x_wconf 85' lang='lat' dir='ltr'>declaraui)</span> <span class='ocrx_word' id='word_1_17' title='bbox 1230 965 1421 1070; x_wconf 81' lang='lat' dir='ltr'>Aegium</span> 
     </span>
     <span class='ocr_line' id='line_1_4' title="bbox 139 1085 1422 1198; baseline -0.002 -24"><span class='ocrx_word' id='word_1_18' title='bbox 139 1093 234 1198; x_wconf 83' lang='lat' dir='ltr'>agri</span> <span class='ocrx_word' id='word_1_19' title='bbox 267 1086 507 1175; x_wconf 87' lang='lat' dir='ltr'>Helicenfis</span> <span class='ocrx_word' id='word_1_20' title='bbox 550 1085 790 1172; x_wconf 78' lang='lat' dir='ltr'>accessione</span> <span class='ocrx_word' id='word_1_21' title='bbox 836 1091 1024 1194; x_wconf 74' lang='lat' dir='ltr'>aucium,</span> <span class='ocrx_word' id='word_1_22' title='bbox 1067 1090 1200 1196; x_wconf 86' lang='lat' dir='ltr'>caput</span> <span class='ocrx_word' id='word_1_23' title='bbox 1238 1090 1422 1194; x_wconf 78' lang='lat' dir='ltr'>extulit,</span> 
     </span>
     <span class='ocr_line' id='line_1_5' title="bbox 137 1211 1424 1324; baseline -0.004 -21"><span class='ocrx_word' id='word_1_24' title='bbox 137 1224 243 1323; x_wconf 81' lang='lat' dir='ltr'>(ro)</span> <span class='ocrx_word' id='word_1_25' title='bbox 276 1221 361 1302; x_wconf 89' lang='lat' dir='ltr'>iam</span> <span class='ocrx_word' id='word_1_26' title='bbox 398 1215 500 1296; x_wconf 87' lang='lat' dir='ltr'>inde</span> <span class='ocrx_word' id='word_1_27' title='bbox 538 1215 756 1322; x_wconf 79' lang='lat' dir='ltr'>dignitate</span> <span class='ocrx_word' id='word_1_28' title='bbox 790 1231 836 1297; x_wconf 90' lang='lat' dir='ltr'>et</span> <span class='ocrx_word' id='word_1_29' title='bbox 871 1216 1027 1324; x_wconf 91' lang='lat' dir='ltr'>opibus</span> <span class='ocrx_word' id='word_1_30' title='bbox 1055 1211 1193 1324; x_wconf 85' lang='lat' dir='ltr'>longe</span> <span class='ocrx_word' id='word_1_31' title='bbox 1210 1219 1330 1304; x_wconf 84' lang='lat' dir='ltr'>inter</span> <span class='ocrx_word' id='word_1_32' title='bbox 1350 1239 1424 1300; x_wconf 84' lang='lat' dir='ltr'>ce-</span> 
     </span>
     <span class='ocr_line' id='line_1_6' title="bbox 136 1339 1423 1434; baseline -0.004 0"><span class='ocrx_word' id='word_1_33' title='bbox 136 1367 256 1434; x_wconf 87' lang='lat' dir='ltr'>teras</span> <span class='ocrx_word' id='word_1_34' title='bbox 292 1345 420 1430; x_wconf 81' lang='lat' dir='ltr'>urbes</span> <span class='ocrx_word' id='word_1_35' title='bbox 453 1339 658 1428; x_wconf 82' lang='lat' dir='ltr'>maximis</span> <span class='ocrx_word' id='word_1_36' title='bbox 691 1340 787 1426; x_wconf 85' lang='lat' dir='ltr'>fuit·</span> <span class='ocrx_word' id='word_1_37' title='bbox 851 1342 1099 1427; x_wconf 80' lang='lat' dir='ltr'>ldaccidit</span> <span class='ocrx_word' id='word_1_38' title='bbox 1135 1345 1300 1426; x_wconf 89' lang='lat' dir='ltr'>duobus</span> <span class='ocrx_word' id='word_1_39' title='bbox 1321 1366 1423 1430; x_wconf 90' lang='lat' dir='ltr'>ante</span> 
     </span>
     <span class='ocr_line' id='line_1_7' title="bbox 137 1457 1420 1581; baseline -0.006 -19"><span class='ocrx_word' id='word_1_40' title='bbox 137 1476 411 1562; x_wconf 75' lang='lat' dir='ltr'>Leudlritam</span> <span class='ocrx_word' id='word_1_41' title='bbox 457 1492 648 1578; x_wconf 83' lang='lat' dir='ltr'>pugnarn</span> <span class='ocrx_word' id='word_1_42' title='bbox 698 1471 836 1556; x_wconf 87' lang='lat' dir='ltr'>annis.</span> <span class='ocrx_word' id='word_1_43' title='bbox 903 1457 1133 1581; x_wconf 80' lang='lat' dir='ltr'>Postquam</span> <span class='ocrx_word' id='word_1_44' title='bbox 1170 1497 1220 1556; x_wconf 82' lang='lat' dir='ltr'>ea</span> <span class='ocrx_word' id='word_1_45' title='bbox 1259 1474 1302 1552; x_wconf 92' lang='lat' dir='ltr'>in</span> <span class='ocrx_word' id='word_1_46' title='bbox 1345 1498 1420 1581; x_wconf 91' lang='lat' dir='ltr'>pu·</span> 
     </span>
     <span class='ocr_line' id='line_1_8' title="bbox 135 1599 1427 1715; baseline -0.001 -29"><span class='ocrx_word' id='word_1_47' title='bbox 135 1631 224 1715; x_wconf 85' lang='lat' dir='ltr'>gna</span> <span class='ocrx_word' id='word_1_48' title='bbox 260 1601 421 1686; x_wconf 75' lang='lat' dir='ltr'>frattae</span> <span class='ocrx_word' id='word_1_49' title='bbox 454 1599 547 1684; x_wconf 90' lang='lat' dir='ltr'>sunt</span> <span class='ocrx_word' id='word_1_50' title='bbox 567 1600 1194 1701; x_wconf 69' lang='lat' dir='ltr'>Lacedaemoniornmuites,</span> <span class='ocrx_word' id='word_1_51' title='bbox 1232 1605 1427 1686; x_wconf 79' lang='lat' dir='ltr'>Artanes</span> 
     </span>
     <span class='ocr_line' id='line_1_9' title="bbox 137 1726 1422 1836; baseline -0.005 -20"><span class='ocrx_word' id='word_1_52' title='bbox 137 1752 285 1816; x_wconf 84' lang='lat' dir='ltr'>autern</span> <span class='ocrx_word' id='word_1_53' title='bbox 323 1747 368 1810; x_wconf 89' lang='lat' dir='ltr'>et</span> <span class='ocrx_word' id='word_1_54' title='bbox 405 1726 608 1812; x_wconf 74' lang='lat' dir='ltr'>Messenii</span> <span class='ocrx_word' id='word_1_55' title='bbox 643 1746 801 1810; x_wconf 86' lang='lat' dir='ltr'>contra</span> <span class='ocrx_word' id='word_1_56' title='bbox 836 1751 917 1811; x_wconf 86' lang='lat' dir='ltr'>eos</span> <span class='ocrx_word' id='word_1_57' title='bbox 951 1751 1284 1836; x_wconf 84' lang='lat' dir='ltr'>armacepere,</span> <span class='ocrx_word' id='word_1_58' title='bbox 1306 1729 1422 1811; x_wconf 87' lang='lat' dir='ltr'>The-</span> 
     </span>
     <span class='ocr_line' id='line_1_10' title="bbox 137 1853 1421 1959; baseline -0.003 -17"><span class='ocrx_word' id='word_1_59' title='bbox 137 1859 239 1942; x_wconf 88' lang='lat' dir='ltr'>ba&#39;ni</span> <span class='ocrx_word' id='word_1_60' title='bbox 273 1883 297 1940; x_wconf 88' lang='lat' dir='ltr'>a</span> <span class='ocrx_word' id='word_1_61' title='bbox 319 1855 635 1942; x_wconf 71' lang='lat' dir='ltr'>Macedonibus</span> <span class='ocrx_word' id='word_1_62' title='bbox 655 1854 838 1959; x_wconf 66' lang='lat' dir='ltr'>deuicti,</span> <span class='ocrx_word' id='word_1_63' title='bbox 875 1853 1167 1942; x_wconf 82' lang='lat' dir='ltr'>Athenienses</span> <span class='ocrx_word' id='word_1_64' title='bbox 1189 1855 1421 1958; x_wconf 81' lang='lat' dir='ltr'>debilitati,</span> 
     </span>
     <span class='ocr_line' id='line_1_11' title="bbox 140 1965 1429 2085; baseline -0.004 -14"><span class='ocrx_word' id='word_1_65' title='bbox 140 1965 254 2071; x_wconf 82' lang='lat' dir='ltr'>nihil</span> <span class='ocrx_word' id='word_1_66' title='bbox 288 1988 332 2068; x_wconf 92' lang='lat' dir='ltr'>in</span> <span class='ocrx_word' id='word_1_67' title='bbox 367 2007 603 2070; x_wconf 89' lang='lat' dir='ltr'>commune</span> <span class='ocrx_word' id='word_1_68' title='bbox 638 1983 967 2085; x_wconf 80' lang='lat' dir='ltr'>consulebatur,</span> <span class='ocrx_word' id='word_1_69' title='bbox 1007 1984 1179 2072; x_wconf 82' lang='lat' dir='ltr'>Achaei</span> <span class='ocrx_word' id='word_1_70' title='bbox 1224 1989 1429 2070; x_wconf 83' lang='lat' dir='ltr'>diuturna</span> 
     </span>
     <span class='ocr_line' id='line_1_12' title="bbox 142 2111 1480 2225; baseline -0.003 -27"><span class='ocrx_word' id='word_1_71' title='bbox 142 2141 252 2225; x_wconf 89' lang='lat' dir='ltr'>pace</span> <span class='ocrx_word' id='word_1_72' title='bbox 289 2133 334 2196; x_wconf 87' lang='lat' dir='ltr'>et</span> <span class='ocrx_word' id='word_1_73' title='bbox 371 2113 578 2195; x_wconf 85' lang='lat' dir='ltr'>libertate</span> <span class='ocrx_word' id='word_1_74' title='bbox 612 2113 817 2219; x_wconf 86' lang='lat' dir='ltr'>(praeter</span> <span class='ocrx_word' id='word_1_75' title='bbox 835 2112 1070 2213; x_wconf 87' lang='lat' dir='ltr'>Pellenen,</span> <span class='ocrx_word' id='word_1_76' title='bbox 1106 2137 1216 2221; x_wconf 86' lang='lat' dir='ltr'>quae</span> <span class='ocrx_word' id='word_1_77' title='bbox 1238 2111 1426 2196; x_wconf 83' lang='lat' dir='ltr'>tumad·</span> <span class='ocrx_word' id='word_1_78' title='bbox 1468 2186 1480 2216; x_wconf 69' lang='lat'><em>„</em></span> 
     </span>
     <span class='ocr_line' id='line_1_13' title="bbox 123 2239 1428 2350; baseline -0.005 -22"><span class='ocrx_word' id='word_1_79' title='bbox 123 2242 226 2328; x_wconf 85' lang='lat' dir='ltr'>&#39;huc</span> <span class='ocrx_word' id='word_1_80' title='bbox 261 2244 331 2328; x_wconf 87' lang='lat' dir='ltr'>snb</span> <span class='ocrx_word' id='word_1_81' title='bbox 367 2263 564 2350; x_wconf 89' lang='lat' dir='ltr'>tyranno</span> <span class='ocrx_word' id='word_1_82' title='bbox 598 2251 720 2342; x_wconf 88' lang='lat' dir='ltr'>erat)</span> <span class='ocrx_word' id='word_1_83' title='bbox 752 2239 913 2324; x_wconf 81' lang='lat' dir='ltr'>uiribus</span> <span class='ocrx_word' id='word_1_84' title='bbox 946 2241 1000 2323; x_wconf 91' lang='lat' dir='ltr'>ad</span> <span class='ocrx_word' id='word_1_85' title='bbox 1033 2239 1281 2324; x_wconf 86' lang='lat' dir='ltr'>audendum</span> <span class='ocrx_word' id='word_1_86' title='bbox 1302 2243 1428 2322; x_wconf 86' lang='lat' dir='ltr'>com·</span> 
     </span>
     <span class='ocr_line' id='line_1_14' title="bbox 143 2364 1431 2484; baseline -0.005 -28"><span class='ocrx_word' id='word_1_87' title='bbox 143 2372 337 2484; x_wconf 87' lang='lat' dir='ltr'>pacatis,</span> <span class='ocrx_word' id='word_1_88' title='bbox 363 2369 507 2476; x_wconf 87' lang='lat' dir='ltr'>aliquo</span> <span class='ocrx_word' id='word_1_89' title='bbox 528 2364 680 2447; x_wconf 85' lang='lat' dir='ltr'>haberi</span> <span class='ocrx_word' id='word_1_90' title='bbox 700 2368 745 2445; x_wconf 90' lang='lat' dir='ltr'>in</span> <span class='ocrx_word' id='word_1_91' title='bbox 767 2365 946 2448; x_wconf 81' lang='lat' dir='ltr'>honore</span> <span class='ocrx_word' id='word_1_92' title='bbox 975 2387 1241 2474; x_wconf 87' lang='lat' dir='ltr'>coeperunt.</span> <span class='ocrx_word' id='word_1_93' title='bbox 1308 2369 1431 2454; x_wconf 87' lang='lat' dir='ltr'>Hanc</span> 
     </span>
     <span class='ocr_line' id='line_1_15' title="bbox 146 2489 1431 2610; baseline -0.007 -26"><span class='ocrx_word' id='word_1_94' title='bbox 146 2499 428 2610; x_wconf 86' lang='lat' dir='ltr'>potentiam,</span> <span class='ocrx_word' id='word_1_95' title='bbox 466 2492 725 2608; x_wconf 85' lang='lat' dir='ltr'>praesertim</span> <span class='ocrx_word' id='word_1_96' title='bbox 744 2515 842 2578; x_wconf 89' lang='lat' dir='ltr'>cum</span> <span class='ocrx_word' id='word_1_97' title='bbox 860 2495 913 2577; x_wconf 91' lang='lat' dir='ltr'>ad</span> <span class='ocrx_word' id='word_1_98' title='bbox 933 2489 1245 2600; x_wconf 81' lang='lat' dir='ltr'>Chaeroneam</span> <span class='ocrx_word' id='word_1_99' title='bbox 1271 2494 1315 2576; x_wconf 92' lang='lat' dir='ltr'>in</span> <span class='ocrx_word' id='word_1_100' title='bbox 1338 2498 1431 2576; x_wconf 85' lang='lat' dir='ltr'>acie</span> 
     </span>
     <span class='ocr_line' id='line_1_16' title="bbox 143 2619 1432 2730; baseline -0.011 -14"><span class='ocrx_word' id='word_1_101' title='bbox 143 2629 323 2716; x_wconf 85' lang='lat' dir='ltr'>stetisset</span> <span class='ocrx_word' id='word_1_102' title='bbox 357 2645 519 2708; x_wconf 86' lang='lat' dir='ltr'>contra</span> <span class='ocrx_word' id='word_1_103' title='bbox 557 2619 807 2730; x_wconf 87' lang='lat' dir='ltr'>Philippum</span> <span class='ocrx_word' id='word_1_104' title='bbox 846 2623 1118 2730; x_wconf 77' lang='lat' dir='ltr'>regem,(r)&#39;</span> <span class='ocrx_word' id='word_1_105' title='bbox 1160 2620 1432 2730; x_wconf 79' lang='lat' dir='ltr'>Macedones</span> 
     </span>
     <span class='ocr_line' id='line_1_17' title="bbox 146 2747 1438 2868; baseline -0.009 -26"><span class='ocrx_word' id='word_1_106' title='bbox 146 2761 294 2868; x_wconf 88' lang='lat' dir='ltr'>inique</span> <span class='ocrx_word' id='word_1_107' title='bbox 313 2753 453 2852; x_wconf 87' lang='lat' dir='ltr'>serre,</span> <span class='ocrx_word' id='word_1_108' title='bbox 494 2773 701 2859; x_wconf 87' lang='lat' dir='ltr'>premere</span> <span class='ocrx_word' id='word_1_109' title='bbox 738 2749 897 2832; x_wconf 86' lang='lat' dir='ltr'>deinde</span> <span class='ocrx_word' id='word_1_110' title='bbox 934 2747 1163 2852; x_wconf 85' lang='lat' dir='ltr'>Achaeos,</span> <span class='ocrx_word' id='word_1_111' title='bbox 1205 2750 1348 2834; x_wconf 87' lang='lat' dir='ltr'>donec</span> <span class='ocrx_word' id='word_1_112' title='bbox 1371 2751 1438 2832; x_wconf 87' lang='lat' dir='ltr'>dl·</span> 
     </span>
     <span class='ocr_line' id='line_1_18' title="bbox 147 2873 1435 2998; baseline -0.009 -28"><span class='ocrx_word' id='word_1_113' title='bbox 147 2886 280 2971; x_wconf 87' lang='lat' dir='ltr'>uersas</span> <span class='ocrx_word' id='word_1_114' title='bbox 316 2883 459 2967; x_wconf 86' lang='lat' dir='ltr'>studiis</span> <span class='ocrx_word' id='word_1_115' title='bbox 497 2873 686 2987; x_wconf 86' lang='lat' dir='ltr'>partium</span> <span class='ocrx_word' id='word_1_116' title='bbox 723 2879 904 2961; x_wconf 89' lang='lat' dir='ltr'>animos</span> <span class='ocrx_word' id='word_1_117' title='bbox 940 2877 1096 2998; x_wconf 87' lang='lat' dir='ltr'>populi</span> <span class='ocrx_word' id='word_1_118' title='bbox 1137 2875 1435 2980; x_wconf 84' lang='lat' dir='ltr'>dill‘ociatent,</span> 
     </span>
     <span class='ocr_line' id='line_1_19' title="bbox 146 3003 1445 3117; baseline -0.008 -19"><span class='ocrx_word' id='word_1_119' title='bbox 146 3034 198 3098; x_wconf 81' lang='lat' dir='ltr'>rt</span> <span class='ocrx_word' id='word_1_120' title='bbox 237 3011 347 3094; x_wconf 87' lang='lat' dir='ltr'>aliae</span> <span class='ocrx_word' id='word_1_121' title='bbox 381 3009 588 3094; x_wconf 86' lang='lat' dir='ltr'>ciuitates</span> <span class='ocrx_word' id='word_1_122' title='bbox 620 3029 864 3116; x_wconf 87' lang='lat' dir='ltr'>tyrannos,</span> <span class='ocrx_word' id='word_1_123' title='bbox 904 3008 1014 3094; x_wconf 82' lang='lat' dir='ltr'>aliae</span> <span class='ocrx_word' id='word_1_124' title='bbox 1052 3003 1265 3117; x_wconf 78' lang='lat' dir='ltr'>praesidia</span> <span class='ocrx_word' id='word_1_125' title='bbox 1294 3003 1445 3092; x_wconf 77' lang='lat' dir='ltr'>Muce-</span> 
     </span>
     <span class='ocr_line' id='line_1_20' title="bbox 147 3138 1102 3250; baseline -0.016 -22"><span class='ocrx_word' id='word_1_126' title='bbox 147 3144 312 3228; x_wconf 82' lang='lat' dir='ltr'>donicn</span> <span class='ocrx_word' id='word_1_127' title='bbox 349 3138 616 3245; x_wconf 85' lang='lat' dir='ltr'>reciperent.</span> <span class='ocrx_word' id='word_1_128' title='bbox 648 3141 719 3242; x_wconf 86' lang='lat'>(2)</span> <span class='ocrx_word' id='word_1_129' title='bbox 1097 3241 1102 3250; x_wconf 16' lang='grc' dir='ltr'>ί</span> 
     </span>
    </p>

    <p class='ocr_par' dir='ltr' id='par_1_3' title="bbox 126 3263 1455 4272">
     <span class='ocr_line' id='line_1_21' title="bbox 260 3263 1447 3375; baseline -0.004 -22"><span class='ocrx_word' id='word_1_130' title='bbox 260 3268 325 3353; x_wconf 91' lang='grc' dir='ltr'>ΙΙ.</span> <span class='ocrx_word' id='word_1_131' title='bbox 360 3268 559 3352; x_wconf 89' lang='lat' dir='ltr'>Tandem</span> <span class='ocrx_word' id='word_1_132' title='bbox 601 3264 911 3375; x_wconf 86' lang='lat' dir='ltr'>conspirarunt</span> <span class='ocrx_word' id='word_1_133' title='bbox 949 3267 1161 3374; x_wconf 74' lang='lat' dir='ltr'>Dimuri,</span> <span class='ocrx_word' id='word_1_134' title='bbox 1199 3263 1447 3371; x_wconf 74' lang='lat' dir='ltr'>PatrenseS,</span> 
     </span>
     <span class='ocr_line' id='line_1_22' title="bbox 147 3393 1455 3499; baseline -0.01 -12"><span class='ocrx_word' id='word_1_135' title='bbox 147 3395 458 3499; x_wconf 78' lang='lat' dir='ltr'>Tritaeeuses,</span> <span class='ocrx_word' id='word_1_136' title='bbox 496 3417 544 3478; x_wconf 85' lang='lat' dir='ltr'>et</span> <span class='ocrx_word' id='word_1_137' title='bbox 580 3393 842 3482; x_wconf 83' lang='lat' dir='ltr'>Phareenses</span> <span class='ocrx_word' id='word_1_138' title='bbox 878 3398 933 3478; x_wconf 89' lang='lat' dir='ltr'>ad</span> <span class='ocrx_word' id='word_1_139' title='bbox 973 3398 1344 3479; x_wconf 83' lang='lat' dir='ltr'>concordinmet</span> <span class='ocrx_word' id='word_1_140' title='bbox 1382 3416 1455 3476; x_wconf 80' lang='lat' dir='ltr'>re·</span> 
     </span>
     <span class='ocr_line' id='line_1_23' title="bbox 148 3523 1453 3642; baseline -0.008 -28"><span class='ocrx_word' id='word_1_141' title='bbox 148 3528 448 3642; x_wconf 82' lang='lat' dir='ltr'>cuperandam</span> <span class='ocrx_word' id='word_1_142' title='bbox 484 3523 854 3627; x_wconf 88' lang='lat' dir='ltr'>libertatem,0l.</span> <span class='ocrx_word' id='word_1_143' title='bbox 880 3525 1095 3613; x_wconf 87' lang='lat' dir='ltr'><strong>CXXIV.</strong></span> <span class='ocrx_word' id='word_1_144' title='bbox 1123 3542 1286 3633; x_wconf 86' lang='lat' dir='ltr'>quarto</span> <span class='ocrx_word' id='word_1_145' title='bbox 1315 3546 1453 3606; x_wconf 83' lang='lat' dir='ltr'>anno.</span> 
     </span>
     <span class='ocr_line' id='line_1_24' title="bbox 151 3647 1451 3776; baseline -0.005 -38"><span class='ocrx_word' id='word_1_146' title='bbox 151 3659 321 3776; x_wconf 82' lang='lat' dir='ltr'>Quinto</span> <span class='ocrx_word' id='word_1_147' title='bbox 360 3653 457 3764; x_wconf 88' lang='lat' dir='ltr'>poll</span> <span class='ocrx_word' id='word_1_148' title='bbox 479 3677 615 3752; x_wconf 92' lang='lat' dir='ltr'>anno,</span> <span class='ocrx_word' id='word_1_149' title='bbox 640 3655 891 3764; x_wconf 73' lang='lat' dir='ltr'>Aegienses,</span> <span class='ocrx_word' id='word_1_150' title='bbox 925 3658 1070 3741; x_wconf 76' lang='lat' dir='ltr'>eiecto</span> <span class='ocrx_word' id='word_1_151' title='bbox 1109 3651 1330 3761; x_wconf 74' lang='lat' dir='ltr'>proclidio</span> <span class='ocrx_word' id='word_1_152' title='bbox 1354 3647 1451 3736; x_wconf 81' lang='lat' dir='ltr'>hlu-</span> 
     </span>
     <span class='ocr_line' id='line_1_25' title="bbox 151 3781 1452 3891; baseline -0.006 -23"><span class='ocrx_word' id='word_1_153' title='bbox 151 3787 374 3868; x_wconf 89' lang='lat' dir='ltr'>cedonito</span> <span class='ocrx_word' id='word_1_154' title='bbox 411 3803 455 3864; x_wconf 88' lang='lat' dir='ltr'>et</span> <span class='ocrx_word' id='word_1_155' title='bbox 492 3783 634 3876; x_wconf 91' lang='lat' dir='ltr'>Burli,</span> <span class='ocrx_word' id='word_1_156' title='bbox 684 3781 921 3870; x_wconf 73' lang='lat' dir='ltr'>interfecto</span> <span class='ocrx_word' id='word_1_157' title='bbox 960 3805 1183 3891; x_wconf 87' lang='lat' dir='ltr'>tyranno,</span> <span class='ocrx_word' id='word_1_158' title='bbox 1223 3781 1452 3888; x_wconf 84' lang='lat' dir='ltr'>Carynen·</span> 
     </span>
     <span class='ocr_line' id='line_1_26' title="bbox 152 3905 1452 4024; baseline -0.008 -24"><span class='ocrx_word' id='word_1_159' title='bbox 152 3917 215 4000; x_wconf 87' lang='lat' dir='ltr'>ses</span> <span class='ocrx_word' id='word_1_160' title='bbox 250 3935 400 3996; x_wconf 89' lang='lat' dir='ltr'>autem</span> <span class='ocrx_word' id='word_1_161' title='bbox 436 3905 648 4020; x_wconf 75' lang='grc' dir='ltr'>(Καρυνεῖς</span> <span class='ocrx_word' id='word_1_162' title='bbox 688 3907 837 4013; x_wconf 84' lang='lat' dir='ltr'>fuere,</span> <span class='ocrx_word' id='word_1_163' title='bbox 893 3915 966 4020; x_wconf 91' lang='lat' dir='ltr'>qui</span> <span class='ocrx_word' id='word_1_164' title='bbox 1007 3908 1231 4024; x_wconf 75' lang='lat' dir='ltr'>Kepaturlru’</span> <span class='ocrx_word' id='word_1_165' title='bbox 1285 3907 1452 4015; x_wconf 87' lang='lat' dir='ltr'>Polybii</span> 
     </span>
     <span class='ocr_line' id='line_1_27' title="bbox 153 4039 1446 4148; baseline -0.007 -21"><span class='ocrx_word' id='word_1_166' title='bbox 153 4066 201 4127; x_wconf 88' lang='lat' dir='ltr'>et</span> <span class='ocrx_word' id='word_1_167' title='bbox 238 4039 491 4138; x_wconf 86' lang='lat' dir='ltr'>Strabonis,</span> <span class='ocrx_word' id='word_1_168' title='bbox 528 4055 577 4117; x_wconf 79' lang='lat' dir='ltr'>ut</span> <span class='ocrx_word' id='word_1_169' title='bbox 613 4039 733 4148; x_wconf 85' lang='lat' dir='ltr'>supra</span> <span class='ocrx_word' id='word_1_170' title='bbox 771 4041 920 4144; x_wconf 88' lang='lat' dir='ltr'>retuli,</span> <span class='ocrx_word' id='word_1_171' title='bbox 941 4042 1230 4140; x_wconf 83' lang='lat' dir='ltr'>incolebant)</span> <span class='ocrx_word' id='word_1_172' title='bbox 1268 4039 1446 4118; x_wconf 73' lang='lat' dir='ltr'>tranen·</span> 
     </span>
     <span class='ocr_line' id='line_1_28' title="bbox 126 4157 1446 4272; baseline 0.002 -26"><span class='ocrx_word' id='word_1_173' title='bbox 126 4191 202 4254; x_wconf 80' lang='lat' dir='ltr'>‚te</span> <span class='ocrx_word' id='word_1_174' title='bbox 240 4168 392 4252; x_wconf 71' lang='lat' dir='ltr'>arbem</span> <span class='ocrx_word' id='word_1_175' title='bbox 428 4184 647 4272; x_wconf 83' lang='lat' dir='ltr'>tyranno,</span> <span class='ocrx_word' id='word_1_176' title='bbox 686 4167 731 4246; x_wconf 91' lang='lat' dir='ltr'>in</span> <span class='ocrx_word' id='word_1_177' title='bbox 767 4193 904 4250; x_wconf 81' lang='lat' dir='ltr'>unum</span> <span class='ocrx_word' id='word_1_178' title='bbox 950 4157 1010 4252; x_wconf 61' lang='lat' dir='ltr'>et&#39;</span> <span class='ocrx_word' id='word_1_179' title='bbox 1035 4170 1164 4251; x_wconf 83' lang='lat' dir='ltr'>idem</span> <span class='ocrx_word' id='word_1_180' title='bbox 1210 4165 1446 4250; x_wconf 88' lang='lat' dir='ltr'>concilium</span> 
     </span>
    </p>
   </div>
   <div class='ocr_carea' id='block_1_3' title="bbox 154 4289 1447 4514">
    <p class='ocr_par' dir='ltr' id='par_1_4' title="bbox 154 4289 1447 4514">
     <span class='ocr_line' id='line_1_29' title="bbox 154 4289 1447 4402; baseline -0.004 -19"><span class='ocrx_word' id='word_1_181' title='bbox 154 4301 345 4384; x_wconf 87' lang='lat' dir='ltr'>coierat.</span> <span class='ocrx_word' id='word_1_182' title='bbox 427 4291 657 4380; x_wconf 84' lang='lat' dir='ltr'>Accelltre</span> <span class='ocrx_word' id='word_1_183' title='bbox 711 4317 825 4380; x_wconf 84' lang='lat' dir='ltr'>mox</span> <span class='ocrx_word' id='word_1_184' title='bbox 862 4293 1061 4402; x_wconf 80' lang='lat' dir='ltr'>Syrinnii</span> <span class='ocrx_word' id='word_1_185' title='bbox 1111 4316 1244 4380; x_wconf 83' lang='lat' dir='ltr'>extra</span> <span class='ocrx_word' id='word_1_186' title='bbox 1300 4289 1447 4380; x_wconf 78' lang='lat' dir='ltr'>Acha-</span> 
     </span>
     <span class='ocr_line' id='line_1_30' title="bbox 156 4419 1442 4514; baseline -0.008 -2"><span class='ocrx_word' id='word_1_187' title='bbox 156 4425 274 4514; x_wconf 74' lang='lat' dir='ltr'>Tam.</span> <span class='ocrx_word' id='word_1_188' title='bbox 317 4419 370 4507; x_wconf 86' lang='lat' dir='ltr'>V.</span> <span class='ocrx_word' id='word_1_189' title='bbox 740 4421 873 4507; x_wconf 83' lang='lat' dir='ltr'>Dnu</span> <span class='ocrx_word' id='word_1_190' title='bbox 1356 4420 1442 4504; x_wconf 87' lang='lat' dir='ltr'>iarn</span> 
     </span>
    </p>
   </div>
   <div class='ocr_carea' id='block_1_4' title="bbox 178 4555 794 4592">
    <p class='ocr_par' dir='ltr' id='par_1_5' title="bbox 178 4555 794 4592">
     <span class='ocr_line' id='line_1_31' title="bbox 178 4555 794 4592; baseline -0.005 -11"><span class='ocrx_word' id='word_1_191' title='bbox 178 4555 794 4592; x_wconf 43' lang='lat' dir='ltr'>*ou-..W</span> 
     </span>
    </p>
   </div>
   <div class='ocr_carea' id='block_1_5' title="bbox 151 4547 1452 4780">
    <p class='ocr_par' dir='ltr' id='par_1_6' title="bbox 151 4547 1452 4780">
     <span class='ocr_line' id='line_1_32' title="bbox 238 4547 1452 4678; baseline -0.005 -20"><span class='ocrx_word' id='word_1_192' title='bbox 238 4597 317 4674; x_wconf 81' lang='lat' dir='ltr'>(ro)</span> <span class='ocrx_word' id='word_1_193' title='bbox 338 4597 484 4657; x_wconf 71' lang='lat' dir='ltr'>Pausaniae</span> <span class='ocrx_word' id='word_1_194' title='bbox 503 4617 532 4677; x_wconf 90' lang='lat' dir='ltr'>p.</span> <span class='ocrx_word' id='word_1_195' title='bbox 554 4599 622 4678; x_wconf 76' lang='lat'>589.</span> <span class='ocrx_word' id='word_1_196' title='bbox 661 4593 718 4675; x_wconf 82' lang='lat' dir='ltr'>(t)</span> <span class='ocrx_word' id='word_1_197' title='bbox 737 4591 768 4656; x_wconf 79' lang='lat' dir='ltr'>E</span> <span class='ocrx_word' id='word_1_198' title='bbox 788 4547 1452 4676; x_wconf 60' lang='lat' dir='ltr'>m·</span> 
     </span>
     <span class='ocr_line' id='line_1_33' title="bbox 151 4681 565 4780; baseline -0.002 -38"><span class='ocrx_word' id='word_1_199' title='bbox 151 4682 215 4780; x_wconf 72' lang='grc' dir='ltr'>(ι)</span> <span class='ocrx_word' id='word_1_200' title='bbox 233 4683 371 4762; x_wconf 71' lang='lat' dir='ltr'>Polybius</span> <span class='ocrx_word' id='word_1_201' title='bbox 390 4681 477 4742; x_wconf 78' lang='lat' dir='ltr'>lc..</span> <span class='ocrx_word' id='word_1_202' title='bbox 560 4691 565 4701; x_wconf 93' lang='grc'><strong>“</strong></span> 
     </span>
    </p>
   </div>
   <div class='ocr_carea' id='block_1_6' title="bbox 0 0 2256 6017">
    <p class='ocr_par' dir='ltr' id='par_1_7' title="bbox 0 0 2256 6017">
     <span class='ocr_line' id='line_1_34' title="bbox 0 0 2256 6017; baseline 0 0"><span class='ocrx_word' id='word_1_203' title='bbox 0 0 2256 6017; x_wconf 95' lang='lat' dir='ltr'> </span> 
     </span>
    </p>
   </div>
  </div>
 </body>
</html>
