<?xml version="1.0" encoding="UTF-8"?>
<!DOCTYPE html PUBLIC "-//W3C//DTD XHTML 1.0 Transitional//EN"
    "http://www.w3.org/TR/xhtml1/DTD/xhtml1-transitional.dtd">
<html xmlns="http://www.w3.org/1999/xhtml" xml:lang="en" lang="en">
 <head>
  <title>
</title>
<meta http-equiv="Content-Type" content="text/html;charset=utf-8" />
  <meta name='ocr-system' content='tesseract 3.04.00' />
  <meta name='ocr-capabilities' content='ocr_page ocr_carea ocr_par ocr_line ocrx_word'/>
</head>
<body>
  <div class='ocr_page' id='page_1' title='image "./commentariiacad03sssrgoog_0083.png"; bbox 0 0 4459 6017; ppageno 0'>
   <div class='ocr_carea' id='block_1_1' title="bbox 327 516 1512 692">
    <p class='ocr_par' dir='ltr' id='par_1_1' title="bbox 317 516 1512 692">
     <span class='ocr_line' id='line_1_1' title="bbox 327 516 1512 692; baseline 0.008 -32.925"><span class='ocrx_word' id='word_1_1' title='bbox 327 560 417 659; x_wconf 78' lang='lat' dir='ltr'>Da</span> <span class='ocrx_word' id='word_1_2' title='bbox 449 516 996 692; x_wconf 62' lang='lat' dir='ltr'>arpvnrronrnns&#39;</span> <span class='ocrx_word' id='word_1_3' title='bbox 1021 560 1374 667; x_wconf 76' lang='lat' dir='ltr'>rnnrnrrru.</span> <span class='ocrx_word' id='word_1_4' title='bbox 1426 590 1512 691; x_wconf 57' lang='lat' dir='ltr'>rap</span> 
     </span>
    </p>
   </div>
   <div class='ocr_carea' id='block_1_2' title="bbox 98 796 1518 1696">
    <p class='ocr_par' dir='ltr' id='par_1_2' title="bbox 98 796 1518 1696">
     <span class='ocr_line' id='line_1_2' title="bbox 98 796 1515 927; baseline 0.004 -30"><span class='ocrx_word' id='word_1_5' title='bbox 98 823 104 840; x_wconf 91' lang='grc'><strong><em>·</em></strong></span> <span class='ocrx_word' id='word_1_6' title='bbox 215 810 528 923; x_wconf 82' lang='lat' dir='ltr'>aequationurn</span> <span class='ocrx_word' id='word_1_7' title='bbox 563 796 788 909; x_wconf 86' lang='lat' dir='ltr'>contiuuo</span> <span class='ocrx_word' id='word_1_8' title='bbox 831 808 1258 921; x_wconf 83' lang='lat' dir='ltr'>progredientium,</span> <span class='ocrx_word' id='word_1_9' title='bbox 1312 816 1515 927; x_wconf 89' lang='lat' dir='ltr'>quando·</span> 
     </span>
     <span class='ocr_line' id='line_1_3' title="bbox 215 936 1515 1056; baseline 0.005 -31"><span class='ocrx_word' id='word_1_10' title='bbox 215 942 391 1051; x_wconf 86' lang='lat' dir='ltr'>quidem</span> <span class='ocrx_word' id='word_1_11' title='bbox 426 936 574 1027; x_wconf 78' lang='lat' dir='ltr'>inhia</span> <span class='ocrx_word' id='word_1_12' title='bbox 613 936 834 1047; x_wconf 76' lang='lat' dir='ltr'>exemplis</span> <span class='ocrx_word' id='word_1_13' title='bbox 856 938 1013 1036; x_wconf 22' lang='lat' dir='ltr'>*allatis</span> <span class='ocrx_word' id='word_1_14' title='bbox 1051 940 1197 1027; x_wconf 90' lang='lat' dir='ltr'>rnulto</span> <span class='ocrx_word' id='word_1_15' title='bbox 1219 946 1376 1033; x_wconf 73' lang='lat' dir='ltr'>rediiua</span> <span class='ocrx_word' id='word_1_16' title='bbox 1404 970 1515 1056; x_wconf 90' lang='lat' dir='ltr'>pro·</span> 
     </span>
     <span class='ocr_line' id='line_1_4' title="bbox 215 1066 1514 1189; baseline 0.005 -36"><span class='ocrx_word' id='word_1_17' title='bbox 215 1070 368 1174; x_wconf 87' lang='lat' dir='ltr'>cedat,</span> <span class='ocrx_word' id='word_1_18' title='bbox 401 1076 533 1179; x_wconf 74' lang='lat' dir='ltr'>&#39;quarn</span> <span class='ocrx_word' id='word_1_19' title='bbox 573 1066 812 1152; x_wconf 82' lang='lat' dir='ltr'>ordinaria.</span> <span class='ocrx_word' id='word_1_20' title='bbox 890 1066 976 1189; x_wconf 85' lang='lat' dir='ltr'>Qui</span> <span class='ocrx_word' id='word_1_21' title='bbox 1026 1094 1175 1157; x_wconf 85' lang='lat' dir='ltr'>autent</span> <span class='ocrx_word' id='word_1_22' title='bbox 1220 1070 1330 1156; x_wconf 91' lang='lat' dir='ltr'>haec</span> <span class='ocrx_word' id='word_1_23' title='bbox 1368 1097 1413 1158; x_wconf 91' lang='lat' dir='ltr'>et</span> <span class='ocrx_word' id='word_1_24' title='bbox 1449 1077 1514 1159; x_wconf 89' lang='lat' dir='ltr'>su·</span> 
     </span>
     <span class='ocr_line' id='line_1_5' title="bbox 215 1192 1515 1319; baseline 0.002 -36"><span class='ocrx_word' id='word_1_25' title='bbox 215 1198 398 1310; x_wconf 84' lang='lat' dir='ltr'>periura</span> <span class='ocrx_word' id='word_1_26' title='bbox 433 1202 476 1283; x_wconf 91' lang='lat' dir='ltr'>in</span> <span class='ocrx_word' id='word_1_27' title='bbox 511 1198 649 1283; x_wconf 87' lang='lat' dir='ltr'>Torn.</span> <span class='ocrx_word' id='word_1_28' title='bbox 682 1192 744 1281; x_wconf 90' lang='lat'>11.</span> <span class='ocrx_word' id='word_1_29' title='bbox 789 1202 991 1307; x_wconf 80' lang='lat' dir='ltr'>expolita</span> <span class='ocrx_word' id='word_1_30' title='bbox 1032 1202 1152 1287; x_wconf 71' lang='lat' dir='ltr'>reste</span> <span class='ocrx_word' id='word_1_31' title='bbox 1198 1201 1382 1287; x_wconf 83' lang='lat' dir='ltr'>-affecuti</span> <span class='ocrx_word' id='word_1_32' title='bbox 1419 1201 1515 1319; x_wconf 77' lang='lat' dir='ltr'>sue·</span> 
     </span>
     <span class='ocr_line' id='line_1_6' title="bbox 214 1326 1518 1438; baseline 0.002 -27"><span class='ocrx_word' id='word_1_33' title='bbox 214 1331 334 1433; x_wconf 85' lang='lat' dir='ltr'>rint,</span> <span class='ocrx_word' id='word_1_34' title='bbox 375 1328 642 1438; x_wconf 76' lang='lat' dir='ltr'>perspicient</span> <span class='ocrx_word' id='word_1_35' title='bbox 685 1327 984 1411; x_wconf 86' lang='lat' dir='ltr'>terminorum</span> <span class='ocrx_word' id='word_1_36' title='bbox 1034 1329 1236 1411; x_wconf 89' lang='lat' dir='ltr'>omnium</span> <span class='ocrx_word' id='word_1_37' title='bbox 1278 1333 1325 1414; x_wconf 92' lang='lat' dir='ltr'>in</span> <span class='ocrx_word' id='word_1_38' title='bbox 1361 1326 1518 1416; x_wconf 72' lang='lat' dir='ltr'>infini-</span> 
     </span>
     <span class='ocr_line' id='line_1_7' title="bbox 215 1452 1514 1567; baseline 0.002 -24"><span class='ocrx_word' id='word_1_39' title='bbox 215 1474 312 1543; x_wconf 87' lang='lat' dir='ltr'>tum</span> <span class='ocrx_word' id='word_1_40' title='bbox 351 1454 643 1567; x_wconf 83' lang='lat' dir='ltr'>aliquomodo</span> <span class='ocrx_word' id='word_1_41' title='bbox 678 1455 904 1543; x_wconf 86' lang='lat' dir='ltr'>rationem</span> <span class='ocrx_word' id='word_1_42' title='bbox 942 1452 1092 1538; x_wconf 81' lang='lat' dir='ltr'>haberi</span> <span class='ocrx_word' id='word_1_43' title='bbox 1130 1475 1321 1565; x_wconf 87' lang='lat' dir='ltr'>propter</span> <span class='ocrx_word' id='word_1_44' title='bbox 1341 1460 1514 1544; x_wconf 79' lang='lat' dir='ltr'>unifor-</span> 
     </span>
     <span class='ocr_line' id='line_1_8' title="bbox 215 1583 1511 1696; baseline 0.002 -27"><span class='ocrx_word' id='word_1_45' title='bbox 215 1583 424 1669; x_wconf 86' lang='lat' dir='ltr'>mitatem</span> <span class='ocrx_word' id='word_1_46' title='bbox 458 1586 587 1692; x_wconf 81' lang='lat' dir='ltr'>legis,</span> <span class='ocrx_word' id='word_1_47' title='bbox 635 1608 716 1690; x_wconf 87' lang='lat' dir='ltr'>qua</span> <span class='ocrx_word' id='word_1_48' title='bbox 754 1583 938 1665; x_wconf 86' lang='lat' dir='ltr'>termini</span> <span class='ocrx_word' id='word_1_49' title='bbox 992 1586 1268 1691; x_wconf 86' lang='lat' dir='ltr'>aequationis</span> <span class='ocrx_word' id='word_1_50' title='bbox 1321 1612 1511 1696; x_wconf 82' lang='lat' dir='ltr'>progre-</span> 
     </span>
    </p>
   </div>
   <div class='ocr_carea' id='block_1_3' title="bbox 98 1708 1655 1822">
    <p class='ocr_par' dir='ltr' id='par_1_3' title="bbox 98 1708 1655 1822">
     <span class='ocr_line' id='line_1_9' title="bbox 98 1708 1655 1822; baseline 0.005 -31"><span class='ocrx_word' id='word_1_51' title='bbox 98 1784 101 1791; x_wconf 89' lang='lat'><em>.</em></span> <span class='ocrx_word' id='word_1_52' title='bbox 217 1713 417 1814; x_wconf 88' lang='lat' dir='ltr'>diuntur‚</span> <span class='ocrx_word' id='word_1_53' title='bbox 456 1709 650 1822; x_wconf 83' lang='lat' dir='ltr'>quamuis</span> <span class='ocrx_word' id='word_1_54' title='bbox 684 1710 728 1792; x_wconf 94' lang='lat' dir='ltr'>in</span> <span class='ocrx_word' id='word_1_55' title='bbox 747 1708 1071 1793; x_wconf 68' lang='lat' dir='ltr'>construdione</span> <span class='ocrx_word' id='word_1_56' title='bbox 1092 1711 1254 1794; x_wconf 75' lang='lat' dir='ltr'>radicis</span> <span class='ocrx_word' id='word_1_57' title='bbox 1270 1718 1395 1822; x_wconf 90' lang='lat' dir='ltr'>pauci</span> <span class='ocrx_word' id='word_1_58' title='bbox 1418 1733 1511 1801; x_wconf 86' lang='lat' dir='ltr'>ter·</span> <span class='ocrx_word' id='word_1_59' title='bbox 1646 1800 1655 1811; x_wconf 66' lang='grc'><strong>,</strong></span> 
     </span>
    </p>
   </div>
   <div class='ocr_carea' id='block_1_4' title="bbox 140 1824 1631 3985">
    <p class='ocr_par' dir='ltr' id='par_1_4' title="bbox 140 1824 1631 3985">
     <span class='ocr_line' id='line_1_10' title="bbox 216 1824 1511 1953; baseline 0.003 -28"><span class='ocrx_word' id='word_1_60' title='bbox 216 1844 326 1925; x_wconf 89' lang='lat' dir='ltr'>mini</span> <span class='ocrx_word' id='word_1_61' title='bbox 363 1838 673 1924; x_wconf 76' lang='lat' dir='ltr'>adhibeantun</span> <span class='ocrx_word' id='word_1_62' title='bbox 735 1839 793 1924; x_wconf 84' lang='lat' dir='ltr'>Et</span> <span class='ocrx_word' id='word_1_63' title='bbox 812 1836 901 1919; x_wconf 85' lang='lat' dir='ltr'>hoc</span> <span class='ocrx_word' id='word_1_64' title='bbox 923 1824 1103 1944; x_wconf 78' lang='lat' dir='ltr'>quidem·</span> <span class='ocrx_word' id='word_1_65' title='bbox 1124 1844 1267 1923; x_wconf 89' lang='lat' dir='ltr'>modo</span> <span class='ocrx_word' id='word_1_66' title='bbox 1286 1841 1358 1947; x_wconf 85' lang='lat' dir='ltr'>fit,</span> <span class='ocrx_word' id='word_1_67' title='bbox 1388 1844 1511 1953; x_wconf 89' lang='lat' dir='ltr'>quod</span> 
     </span>
     <span class='ocr_line' id='line_1_11' title="bbox 216 1965 1510 2079; baseline 0.004 -26"><span class='ocrx_word' id='word_1_68' title='bbox 216 1965 341 2053; x_wconf 77' lang='lat' dir='ltr'>certe</span> <span class='ocrx_word' id='word_1_69' title='bbox 394 1965 721 2070; x_wconf 81' lang='lat' dir='ltr'>mirabile-est,</span> <span class='ocrx_word' id='word_1_70' title='bbox 776 1986 825 2050; x_wconf 82' lang='lat' dir='ltr'>vt</span> <span class='ocrx_word' id='word_1_71' title='bbox 864 1966 1042 2076; x_wconf 75' lang='lat' dir='ltr'>quoties</span> <span class='ocrx_word' id='word_1_72' title='bbox 1081 1969 1290 2079; x_wconf 84' lang='lat' dir='ltr'>aequatio</span> <span class='ocrx_word' id='word_1_73' title='bbox 1334 1971 1510 2060; x_wconf 83' lang='lat' dir='ltr'>infinita</span> 
     </span>
     <span class='ocr_line' id='line_1_12' title="bbox 217 2094 1513 2204; baseline 0.003 -23"><span class='ocrx_word' id='word_1_74' title='bbox 217 2102 270 2181; x_wconf 81' lang='lat' dir='ltr'>ad</span> <span class='ocrx_word' id='word_1_75' title='bbox 304 2096 476 2181; x_wconf 84' lang='lat' dir='ltr'>finitam</span> <span class='ocrx_word' id='word_1_76' title='bbox 515 2096 664 2181; x_wconf 88' lang='lat' dir='ltr'>reduci</span> <span class='ocrx_word' id='word_1_77' title='bbox 703 2094 878 2203; x_wconf 64' lang='lat' dir='ltr'>potestp</span> <span class='ocrx_word' id='word_1_78' title='bbox 911 2097 955 2195; x_wconf 84' lang='lat' dir='ltr'>id</span> <span class='ocrx_word' id='word_1_79' title='bbox 992 2094 1130 2204; x_wconf 86' lang='lat' dir='ltr'>ipsum</span> <span class='ocrx_word' id='word_1_80' title='bbox 1168 2095 1249 2179; x_wconf 87' lang='lat' dir='ltr'>hac</span> <span class='ocrx_word' id='word_1_81' title='bbox 1284 2097 1513 2185; x_wconf 85' lang='lat' dir='ltr'>methodo</span> 
     </span>
     <span class='ocr_line' id='line_1_13' title="bbox 203 2221 1631 2335; baseline 0.006 -26"><span class='ocrx_word' id='word_1_82' title='bbox 203 2224 458 2333; x_wconf 76' lang='lat' dir='ltr'>indicetur,</span> <span class='ocrx_word' id='word_1_83' title='bbox 495 2221 701 2335; x_wconf 78' lang='lat' dir='ltr'>simulque</span> <span class='ocrx_word' id='word_1_84' title='bbox 736 2225 862 2307; x_wconf 86' lang='lat' dir='ltr'>radix</span> <span class='ocrx_word' id='word_1_85' title='bbox 897 2222 1029 2327; x_wconf 76' lang='lat' dir='ltr'>iusta,</span> <span class='ocrx_word' id='word_1_86' title='bbox 1063 2226 1187 2309; x_wconf 68' lang='lat' dir='ltr'>redte·</span> <span class='ocrx_word' id='word_1_87' title='bbox 1220 2225 1259 2307; x_wconf 89' lang='lat' dir='ltr'>se</span> <span class='ocrx_word' id='word_1_88' title='bbox 1306 2225 1508 2318; x_wconf 64' lang='lat' dir='ltr'>habenti*</span> <span class='ocrx_word' id='word_1_89' title='bbox 1627 2273 1631 2281; x_wconf 89' lang='lat'><strong>·</strong></span> 
     </span>
     <span class='ocr_line' id='line_1_14' title="bbox 214 2351 1506 2466; baseline 0.002 -29"><span class='ocrx_word' id='word_1_90' title='bbox 214 2354 291 2439; x_wconf 88' lang='lat' dir='ltr'>bus</span> <span class='ocrx_word' id='word_1_91' title='bbox 327 2352 587 2463; x_wconf 71' lang='lat' dir='ltr'>praemissus,</span> <span class='ocrx_word' id='word_1_92' title='bbox 628 2353 882 2439; x_wconf 80' lang='lat' dir='ltr'>constanter</span> <span class='ocrx_word' id='word_1_93' title='bbox 912 2352 1115 2455; x_wconf 84' lang='lat' dir='ltr'>oriatur,</span> <span class='ocrx_word' id='word_1_94' title='bbox 1153 2351 1400 2466; x_wconf 73' lang='lat' dir='ltr'>ubicunque·</span> <span class='ocrx_word' id='word_1_95' title='bbox 1431 2358 1506 2441; x_wconf 79' lang='lat' dir='ltr'>ab-</span> 
     </span>
     <span class='ocr_line' id='line_1_15' title="bbox 215 2478 1515 2598; baseline 0.002 -31"><span class='ocrx_word' id='word_1_96' title='bbox 215 2505 450 2593; x_wconf 87' lang='lat' dir='ltr'>runraptur</span> <span class='ocrx_word' id='word_1_97' title='bbox 473 2484 595 2566; x_wconf 87' lang='lat' dir='ltr'>seriei</span> <span class='ocrx_word' id='word_1_98' title='bbox 630 2478 892 2598; x_wconf 77' lang='lat' dir='ltr'>paragraphi</span> <span class='ocrx_word' id='word_1_99' title='bbox 909 2481 1052 2593; x_wconf 73' lang='lat' dir='ltr'>quinti</span> <span class='ocrx_word' id='word_1_100' title='bbox 1069 2480 1353 2590; x_wconf 72' lang='lat' dir='ltr'>consttudiio,</span> <span class='ocrx_word' id='word_1_101' title='bbox 1389 2485 1515 2597; x_wconf 84' lang='lat' dir='ltr'>quod.</span> 
     </span>
     <span class='ocr_line' id='line_1_16' title="bbox 214 2603 1514 2731; baseline 0.003 -36"><span class='ocrx_word' id='word_1_102' title='bbox 214 2636 239 2695; x_wconf 87' lang='lat' dir='ltr'>a</span> <span class='ocrx_word' id='word_1_103' title='bbox 275 2612 435 2723; x_wconf 85' lang='lat' dir='ltr'>regulis</span> <span class='ocrx_word' id='word_1_104' title='bbox 471 2610 693 2697; x_wconf 76' lang='lat' dir='ltr'>consuetis</span> <span class='ocrx_word' id='word_1_105' title='bbox 728 2603 919 2731; x_wconf 78' lang='lat' dir='ltr'>minime</span> <span class='ocrx_word' id='word_1_106' title='bbox 953 2610 1014 2695; x_wconf 82' lang='lat' dir='ltr'>est</span> <span class='ocrx_word' id='word_1_107' title='bbox 1050 2612 1394 2721; x_wconf 72' lang='lat' dir='ltr'>expediendum..</span> <span class='ocrx_word' id='word_1_108' title='bbox 1428 2603 1514 2708; x_wconf 73' lang='lat' dir='ltr'>De</span> 
     </span>
     <span class='ocr_line' id='line_1_17' title="bbox 213 2734 1508 2855; baseline -0.002 -28"><span class='ocrx_word' id='word_1_109' title='bbox 213 2738 303 2827; x_wconf 89' lang='lat' dir='ltr'>hoc</span> <span class='ocrx_word' id='word_1_110' title='bbox 330 2743 550 2855; x_wconf 79' lang='lat' dir='ltr'>proxima</span> <span class='ocrx_word' id='word_1_111' title='bbox 590 2734 825 2825; x_wconf 82' lang='lat' dir='ltr'>oecaiione</span> <span class='ocrx_word' id='word_1_112' title='bbox 856 2764 1007 2846; x_wconf 75' lang='lat' dir='ltr'>agam,</span> <span class='ocrx_word' id='word_1_113' title='bbox 1053 2762 1164 2842; x_wconf 89' lang='lat' dir='ltr'>nunc</span> <span class='ocrx_word' id='word_1_114' title='bbox 1199 2740 1350 2830; x_wconf 84' lang='lat' dir='ltr'>finiam</span> <span class='ocrx_word' id='word_1_115' title='bbox 1387 2740 1508 2849; x_wconf 87' lang='lat' dir='ltr'>post·</span> 
     </span>
     <span class='ocr_line' id='line_1_18' title="bbox 215 2859 1508 2983; baseline -0.001 -29"><span class='ocrx_word' id='word_1_116' title='bbox 215 2860 343 2983; x_wconf 84' lang='lat' dir='ltr'>qnam</span> <span class='ocrx_word' id='word_1_117' title='bbox 380 2894 640 2975; x_wconf 54' lang='lat' dir='ltr'>monueros</span> <span class='ocrx_word' id='word_1_118' title='bbox 675 2870 906 2953; x_wconf 86' lang='lat' dir='ltr'>strccedcre</span> <span class='ocrx_word' id='word_1_119' title='bbox 943 2864 1106 2974; x_wconf 76' lang='lat' dir='ltr'>poffe,</span> <span class='ocrx_word' id='word_1_120' title='bbox 1141 2888 1190 2951; x_wconf 86' lang='lat' dir='ltr'>vt</span> <span class='ocrx_word' id='word_1_121' title='bbox 1228 2868 1359 2954; x_wconf 85' lang='lat' dir='ltr'>series</span> <span class='ocrx_word' id='word_1_122' title='bbox 1385 2859 1420 2970; x_wconf 61' lang='lat' dir='ltr'>i.</span> <span class='ocrx_word' id='word_1_123' title='bbox 1463 2891 1508 2973; x_wconf 70' lang='grc' dir='ltr'>ς.</span> 
     </span>
     <span class='ocr_line' id='line_1_19' title="bbox 214 2990 1514 3117; baseline -0.002 -34"><span class='ocrx_word' id='word_1_124' title='bbox 214 3024 308 3083; x_wconf 91' lang='lat' dir='ltr'>non</span> <span class='ocrx_word' id='word_1_125' title='bbox 339 3020 506 3111; x_wconf 10' lang='lat' dir='ltr'>&#39;vergat</span> <span class='ocrx_word' id='word_1_126' title='bbox 538 3000 594 3081; x_wconf 88' lang='lat' dir='ltr'>ad</span> <span class='ocrx_word' id='word_1_127' title='bbox 629 3018 833 3081; x_wconf 85' lang='lat' dir='ltr'>naturam·</span> <span class='ocrx_word' id='word_1_128' title='bbox 852 2990 1514 3117; x_wconf 68' lang='lat' dir='ltr'>progreffioniegcotnetricac,</span> 
     </span>
     <span class='ocr_line' id='line_1_20' title="bbox 213 3121 1507 3239; baseline 0.002 -30"><span class='ocrx_word' id='word_1_129' title='bbox 213 3152 304 3239; x_wconf 90' lang='lat' dir='ltr'>quo</span> <span class='ocrx_word' id='word_1_130' title='bbox 340 3126 389 3229; x_wconf 86' lang='lat' dir='ltr'>in</span> <span class='ocrx_word' id='word_1_131' title='bbox 425 3125 520 3210; x_wconf 85' lang='lat' dir='ltr'>&#39;casu</span> <span class='ocrx_word' id='word_1_132' title='bbox 555 3152 651 3211; x_wconf 90' lang='lat' dir='ltr'>non</span> <span class='ocrx_word' id='word_1_133' title='bbox 686 3121 1382 3239; x_wconf 22' lang='lat' dir='ltr'>conuenit,vaiorlagequationia</span> <span class='ocrx_word' id='word_1_134' title='bbox 1413 3121 1507 3231; x_wconf 59' lang='lat' dir='ltr'>(CJ.</span> 
     </span>
     <span class='ocr_line' id='line_1_21' title="bbox 140 3241 1509 3368; baseline -0.005 -24"><span class='ocrx_word' id='word_1_135' title='bbox 140 3310 146 3319; x_wconf 93' lang='lat'><strong>·</strong></span> <span class='ocrx_word' id='word_1_136' title='bbox 211 3254 327 3344; x_wconf 86' lang='lat' dir='ltr'>Illud</span> <span class='ocrx_word' id='word_1_137' title='bbox 366 3275 470 3338; x_wconf 87' lang='lat' dir='ltr'>tunc</span> <span class='ocrx_word' id='word_1_138' title='bbox 507 3254 558 3343; x_wconf 86' lang='lat' dir='ltr'>fit</span> <span class='ocrx_word' id='word_1_139' title='bbox 597 3256 775 3365; x_wconf 87' lang='lat' dir='ltr'>quando·</span> <span class='ocrx_word' id='word_1_140' title='bbox 807 3248 934 3335; x_wconf 88' lang='lat' dir='ltr'>radix</span> <span class='ocrx_word' id='word_1_141' title='bbox 968 3247 1071 3357; x_wconf 74' lang='lat' dir='ltr'>illa,</span> <span class='ocrx_word' id='word_1_142' title='bbox 1103 3276 1235 3362; x_wconf 77' lang='lat' dir='ltr'>quum</span> <span class='ocrx_word' id='word_1_143' title='bbox 1272 3241 1509 3368; x_wconf 78' lang='lat' dir='ltr'>minimam-</span> 
     </span>
     <span class='ocr_line' id='line_1_22' title="bbox 216 3380 1509 3485; baseline 0.001 -15"><span class='ocrx_word' id='word_1_144' title='bbox 216 3384 262 3470; x_wconf 87' lang='lat' dir='ltr'>in</span> <span class='ocrx_word' id='word_1_145' title='bbox 298 3380 405 3469; x_wconf 83' lang='lat' dir='ltr'>Diis.</span> <span class='ocrx_word' id='word_1_146' title='bbox 442 3386 494 3466; x_wconf 90' lang='lat' dir='ltr'>de</span> <span class='ocrx_word' id='word_1_147' title='bbox 532 3382 717 3466; x_wconf 72' lang='lat' dir='ltr'>seriebus</span> <span class='ocrx_word' id='word_1_148' title='bbox 741 3383 1069 3465; x_wconf 82' lang='lat' dir='ltr'>recurrentibus·</span> <span class='ocrx_word' id='word_1_149' title='bbox 1093 3382 1278 3485; x_wconf 74' lang='lat' dir='ltr'>uocaui,¹</span> <span class='ocrx_word' id='word_1_150' title='bbox 1317 3383 1375 3467; x_wconf 83' lang='lat' dir='ltr'>est</span> <span class='ocrx_word' id='word_1_151' title='bbox 1396 3384 1509 3471; x_wconf 88' lang='lat' dir='ltr'>ima·</span> 
     </span>
     <span class='ocr_line' id='line_1_23' title="bbox 218 3508 1508 3625; baseline 0.002 -32"><span class='ocrx_word' id='word_1_152' title='bbox 218 3514 405 3625; x_wconf 80' lang='lat' dir='ltr'>ginarin3</span> <span class='ocrx_word' id='word_1_153' title='bbox 438 3513 679 3624; x_wconf 86' lang='lat' dir='ltr'>quomodo</span> <span class='ocrx_word' id='word_1_154' title='bbox 704 3532 853 3595; x_wconf 83' lang='lat' dir='ltr'>autem</span> <span class='ocrx_word' id='word_1_155' title='bbox 882 3508 981 3593; x_wconf 85' lang='lat' dir='ltr'>huic</span> <span class='ocrx_word' id='word_1_156' title='bbox 1006 3510 1307 3593; x_wconf 84' lang='lat' dir='ltr'>incommodo</span> <span class='ocrx_word' id='word_1_157' title='bbox 1325 3508 1508 3595; x_wconf 80' lang='lat' dir='ltr'>obuiam</span> 
     </span>
     <span class='ocr_line' id='line_1_24' title="bbox 219 3636 1512 3749; baseline -0.001 -22"><span class='ocrx_word' id='word_1_158' title='bbox 219 3642 273 3727; x_wconf 88' lang='lat' dir='ltr'>iri</span> <span class='ocrx_word' id='word_1_159' title='bbox 308 3638 466 3749; x_wconf 80' lang='lat' dir='ltr'>possit‚.</span> <span class='ocrx_word' id='word_1_160' title='bbox 515 3644 563 3724; x_wconf 91' lang='lat' dir='ltr'>in·</span> <span class='ocrx_word' id='word_1_161' title='bbox 606 3644 768 3741; x_wconf 16' lang='lat' dir='ltr'>eudem!</span> <span class='ocrx_word' id='word_1_162' title='bbox 816 3639 949 3723; x_wconf 90' lang='lat' dir='ltr'>docui</span> <span class='ocrx_word' id='word_1_163' title='bbox 1002 3636 1341 3746; x_wconf 79' lang='lat' dir='ltr'>Diss&#39;ertatione.</span> <span class='ocrx_word' id='word_1_164' title='bbox 1426 3640 1512 3726; x_wconf 72' lang='lat' dir='ltr'>His</span> 
     </span>
     <span class='ocr_line' id='line_1_25' title="bbox 217 3766 1508 3881; baseline 0 -28"><span class='ocrx_word' id='word_1_165' title='bbox 217 3770 366 3881; x_wconf 83' lang='lat' dir='ltr'>iraque</span> <span class='ocrx_word' id='word_1_166' title='bbox 402 3792 450 3856; x_wconf 85' lang='lat' dir='ltr'>et</span> <span class='ocrx_word' id='word_1_167' title='bbox 487 3766 585 3859; x_wconf 79' lang='lat' dir='ltr'>aliie</span> <span class='ocrx_word' id='word_1_168' title='bbox 623 3770 832 3859; x_wconf 73' lang='lat' dir='ltr'>similibusv</span> <span class='ocrx_word' id='word_1_169' title='bbox 871 3788 972 3857; x_wconf 82' lang='lat' dir='ltr'>non</span> <span class='ocrx_word' id='word_1_170' title='bbox 1011 3768 1206 3879; x_wconf 72' lang='lat' dir='ltr'>amplius&#39;</span> <span class='ocrx_word' id='word_1_171' title='bbox 1241 3770 1508 3874; x_wconf 70' lang='lat' dir='ltr'>immorabi-</span> 
     </span>
     <span class='ocr_line' id='line_1_26' title="bbox 218 3922 335 3985; baseline -0.017 0"><span class='ocrx_word' id='word_1_172' title='bbox 218 3922 335 3985; x_wconf 77' lang='lat' dir='ltr'>mur.</span> 
     </span>
    </p>
   </div>
   <div class='ocr_carea' id='block_1_5' title="bbox 0 0 2234 6017">
    <p class='ocr_par' dir='ltr' id='par_1_5' title="bbox 0 0 2234 6017">
     <span class='ocr_line' id='line_1_27' title="bbox 0 0 2234 6017; baseline 0 0"><span class='ocrx_word' id='word_1_173' title='bbox 0 0 2234 6017; x_wconf 95' lang='lat' dir='ltr'> </span> 
     </span>
    </p>
   </div>
  </div>
 </body>
</html>
