4459 6017
758 602 860 683 110
888 575 984 676 Du
1018 563 1311 674 MOTIBVS
1340 561 1695 670 CORPORVM
1723 565 1962 670 aucus„

755 829 814 912 tis
849 845 1051 912 accurate
1066 874 1078 925 ‚
1095 919 1100 926 ¹
1120 818 1412 904 numeraui'in
1432 841 1630 926 corpora
1650 813 1879 928 sphaerico
1899 812 2028 903 oscil-

758 955 881 1043 lante
915 977 965 1041 et
1013 978 1070 1037 ex
1095 947 1275 1034 diuersus
1310 945 1612 1034 altitudinibus
1645 951 1851 1058 suspenso
1872 947 2033 1058 singula

757 1089 923 1171 vicibus
942 1078 1228 1191 suspensionis
1248 1098 1425 1162 centum
1447 1077 1773 1182 oscilla-tiones,
1815 1077 1912 1190 pull
1929 1103 2035 1190 quaa

759 1215 943 1304 ultimae
981 1210 1285 1296 oscillationes
1317 1215 1489 1317 semper
1528 1209 1645 1292 iuter
1681 1209 1722 1292 se
1761 1209 1814 1292 ab
1850 1229 2040 1322 atraque--

647 1328 650 1336 ¹
759 1369 888 1460 parte
931 1339 1133 1453 aequales
1169 1358 1322 1442 erant,
1362 1363 1460 1422 cusu
1488 1344 1657 1447 primae
1694 1342 1813 1424 inter
1842 1341 1883 1424 se
1915 1340 2034 1452 paci·

757 1498 831 1566 ter
867 1479 1067 1588 aequales
1101 1465 1289 1554 fuerant,
1359 1464 1684 1554 lnltuiusmodi
1711 1469 2036 1580 aupecitnentia

758 1604 1001 1690 curandum
1041 1597 1122 1698 cll,
1163 1618 1210 1680 uc
1249 1620 1411 1706 corpus
1434 1595 1670 1706 pendulum
1688 1621 1751 1684 ax
1773 1601 1938 1707 puuslo
1962 1598 2035 1684 fic·

763 1759 844 1820 mo
883 1730 1047 1839 filoque
1075 1726 1197 1810 tenui
1241 1720 1484 1833 suspensum
1529 1723 1605 1830 stt,
1656 1726 2037 1842 oscillationesqua

770 1861 880 1950 liant
919 1863 963 1944 in
990 1855 1153 1941 eodeni
1190 1855 1325 1962 plano
1354 1881 1450 1938 cuni
1477 1851 1594 1962 filo;
1627 1855 1751 1942 sacile
1773 1863 1888 1942 enim
1910 1856 2036 1942 oscil-

766 1991 956 2078 lationes
995 1985 1211 2094 simplices
1245 1983 1291 2068 in
1319 2007 1493 2070 motum
1517 1987 1858 2073 turbinatorium
1881 1991 2041 2078 abeunt

769 2120 1042 2224 describente
1070 2139 1273 2225 corpore
1310 2111 1493 2226 figuram
1532 2113 1672 2225 ellipst
1708 2115 1924 2228 formem,
1966 2113 2040 2204 uel

769 2274 923 2334 ueram
953 2243 1149 2353 ellipsin,
1188 2241 1219 2329 fi
1251 2241 1372 2326 fisum
1404 2241 1666 2350 suspendens
1698 2267 1746 2333 vt
1774 2247 1948 2335 infinite
1978 2249 2040 2334 al-

773 2401 868 2466 tum
912 2375 1086 2457 catione
1125 2375 1333 2481 corporis
1361 2371 1665 2459 excurfionum
1694 2375 2042 2479 confiderentur.

774 2503 1003 2616 singulare
1040 2503 1301 2613 corporibus
1347 2503 1666 2588 turbinantibus
1697 2507 1882 2611 accidit,
1923 2509 2045 2618 quod

778 2639 868 2724 axis
903 2633 1067 2742 figurae
1106 2631 1328 2742 oblongae
1366 2657 1388 2714 a
1431 2657 1627 2740 corpore
1667 2634 1909 2748 descriptae
1940 2665 2040 2748 per·

776 2790 918 2886 petuo
955 2767 998 2846 ia
1037 2787 1193 2876 gyrum
1234 2781 1387 2877 agatur
1408 2763 1453 2846 in
1475 2767 1659 2848 candem
1681 2769 1878 2876 plagam,
1914 2767 2045 2852 sube-

769 2923 833 2994 οι
852 2894 1070 2996 memini,
1109 2917 1188 3002 qua
1230 2917 1389 3002 corpus
1420 2915 1627 2979 mouetur
1640 2950 1653 2998 ,
1694 2895 1833 3008 sicque
1863 2899 2044 2984 imittu-

775 3049 850 3113 tur
883 3045 1056 3106 motum
1082 3019 1383 3130 planetarum,
1429 3049 1617 3132 quiorum
1661 3025 1835 3136 aphelia
1858 3049 1902 3112 et
1927 3030 2044 3137 peti·

732 3167 737 3175 ’
778 3153 894 3248 helia
934 3148 1134 3234 similiter
1169 3149 1317 3234 locum
1340 3149 1538 3261 mutuav,
1575 3156 1680 3243 istud
1704 3177 1850 3242 autem
1880 3185 2047 3270 corpo.

777 3288 838 3374 cis
884 3280 1146 3367 turbinantis
1192 3278 1540 3390 phaenomenon
1597 3286 1726 3372 tribui
1764 3289 1938 3374 attritus
1981 3287 2049 3382 llll

776 3437 938 3522 santra
972 3400 1261 3526 suspe‘nfioais
1294 3411 1458 3501 locum.

1081 3682 1089 3696 '
1235 3659 1606 3833 Thcorema.

901 3880 939 3980 l.
977 3897 1022 3980 60
1066 3887 1109 3978 si
1148 3918 1304 4014 corpus
1353 3903 1397 3986 in
1444 3907 1595 3992 medio
1644 3910 1884 3999 admodum
1933 3917 2054 4006 tenus

781 4045 907 4108 arcus
942 4019 1215 4127 cycloidicos
1250 4028 1485 4134 describat,
1524 4041 1610 4121 erit
1644 4040 1817 4152 semper
1864 4046 2055 4136 excessua

787 4151 994 4234 minimus
1032 4177 1153 4236 arcus
1177 4157 1392 4245 descensus
1407 4161 1538 4271 super
1567 4195 1712 4254 arcum
1737 4173 1921 4259 ascensus
1949 4205 2054 4285 pro·

788 4277 1055 4390 portionalis
1092 4287 1308 4391 quadrato
1348 4317 1469 4377 arcus
1505 4285 1724 4385 descensus
1758 4304 1829 4386 vel
1856 4305 2056 4419 fimplici·

785 4429 857 4501 tac
892 4411 1248 4522 proportionalis
1288 4417 1509 4511 altitudini
1543 4431 1743 4518 verticuli
1770 4433 2004 4526 descensus.

1825 4767 1836 4778 ,
1938 4625 2059 4747 De-
