4459 6017
808 524 907 638 ³4⁶
1236 423 1726 612 murrrsrours

807 754 997 840 Fuerunt
1033 742 1167 854 igitur
1203 737 1363 826 eruditi
1394 736 1502 837 viri,
1537 758 1588 822 vt
1627 752 1746 823 aetas
1775 758 1979 849 quaeque
1999 736 2112 830 tulit

809 881 1029 979 eruditos,
1067 874 1138 982 qui
1170 870 1420 972 Homericis
1459 861 1666 952 delectati
1710 865 1847 952 Musis
1892 867 1990 954 hoc
2027 895 2104 956 to·

809 1029 902 1092 tum
941 1001 1227 1088 excuderunt.
1294 997 1380 1114 Qui
1412 987 1554 1077 vero?
1610 1017 1770 1106 nempe
1824 995 2102 1092 vel.solum

810 1155 978 1220 nomen
1015 1123 1232 1238 Fryggae,
1269 1149 1378 1234 quae
1414 1120 1573 1208 Othini
1605 1120 1686 1206 fuit
1706 1123 1896 1230 coniux,
1939 1130 2101 1214 admo·

813 1286 919 1348 uere
953 1282 1030 1342 eos
1062 1255 1275 1365 Pbrygiae
1312 1253 1491 1364 potuit,
1525 1250 1651 1360 saepe
1689 1253 1808 1336 enim
1839 1257 2007 1341 multae
2030 1280 2100 1341 at·

812 1412 893 1500 que
928 1385 1213 1494 longaevua
1250 1407 1307 1467 ex
1341 1369 1454 1465 voce
1493 1378 1614 1463 cusae
1652 1377 1745 1462 suut
1790 1378 1972 1468 fabulae.
2041 1389 2098 1472 Et

812 1542 910 1601 cum
947 1510 1121 1624 Auara
1151 1513 1266 1596 adeo
1301 1507 1617 1619 celebraretur,
1656 1533 1742 1616 pro
1777 1508 1960 1618 iugenio
1991 1515 2106 1600 istius

811 1643 965 1748 leculi,
1003 1639 1165 1726 nullam
1200 1637 1328 1723 aliam
1362 1635 1543 1736 vrbem,
1580 1658 1708 1744 quam
1727 1635 1912 1722 Troiam
1943 1667 2097 1726 recor·

816 1773 1034 1857 dabantur.
1088 1766 1243 1852 'Vetus
1280 1784 1429 1849 tameo
1465 1763 1538 1848 ista
1560 1764 1618 1846 eli
1641 1763 1816 1873 opinio.
1881 1769 1992 1854 Nou
2015 1795 2106 1879 ego

815 1900 913 1984 heic
952 1900 1005 1982 ad
1043 1895 1284 2006 prologum
1322 1893 1474 1977 liddae
1529 1891 1813 2001 prouocabo,
1866 1896 1912 1978 iu
1968 1925 2103 2012 quam

816 2027 949 2114 Olaus
983 2025 1187 2110 Verelius
1221 2021 1515 2112 veliementer
1552 2021 1744 2106 innodius
1765 2021 1833 2104 eil.
1853 2026 1922 2140 (4)
1987 2019 2102 2111 Ma·

817 2157 998 2257 rimam,
1038 2155 1201 2260 inquit,
1233 2148 1381 2260 prologi
1414 2148 1524 2258 istius
1552 2162 1740 2262 partem,
1770 2163 1904 2260 otpote
1935 2154 2106 2240 adelre-

816 2286 947 2367 rr'rmm
983 2292 1022 2363 el
1056 2303 1081 2362 a
1108 2269 1229 2385 sciolo
1266 2277 1451 2390 quopiam
1486 2301 1539 2358 ex
1574 2272 1812 2386 mythologie
1843 2271 2014 2367 Graeca
2067 2297 2106 2366 et

813 2409 970 2496 Laetitia
995 2398 1191 2516 tonsrttanr
1227 2428 1302 2488 non
1342 2397 1513 2515 agnoscit
1531 2405 1702 2514 genuina
1724 2403 1844 2492 Edda
1861 2403 2107 2515 Storronir.

817 2545 1036 2625 Attamen
1075 2537 1211 2616 etiam
1250 2535 1439 2641 genuina
1473 2534 1518 2613 in
1540 2535 1683 2635 Roda,
1723 2532 2008 2644 mythologia
2039 2538 2099 2622 se·

820 2669 960 2777 prima
998 2664 1104 2746 baec
1149 2663 1356 2746 inuenio:
1388 2661 1431 2741 in
1471 2659 1599 2742 medio
1638 2661 1735 2748 orte·
1768 2658 1952 2772 Barbara·
1974 2665 2099 2750 cordi·

817 2796 960 2878 derunt
991 2790 1216 2900 Asgardmn
1246 2785 1416 2876 addam:
1452 2784 1548 2870 daec
1567 2781 1710 2876 Troia·
1730 2807 1838 2876 erat.
1910 2799 1930 2897 (
1940 2795 2099 2904 Asgar-

818 2925 921 3024 aar,
962 2917 1063 3004 ehad
1097 2941 1146 3002 er
1176 2911 1344 3021 Troia).
1413 2916 1546 3033 Quod
1578 2918 1709 3003 Olaus
1750 2919 1943 3028 Magnus
1983 2923 2106 3006 taedio·

821 3053 861 3134 ln
885 3051 982 3136 orbe
1016 3047 1235 3148 reddidit,
1272 3050 1321 3130 io
1351 3044 1582 3135 Suortone
1618 3048 1698 3148 est,
1734 3049 1749 3130 i
1775 3034 1951 3134 Midum
1970 3046 2099 3134 haime.

825 3165 941 3296 Quid
978 3178 1008 3261 sr
1046 3172 1179 3258 isthuc
1216 3177 1366 3283 potius
1403 3194 1624 3282 tamquam
1662 3178 1899 3286 proprium
1942 3204 2101 3264 nomeu
2199 3268 2200 3303 Ν

827 3307 964 3391 edidit
1005 3295 1213 3391 Suorrol
1254 3303 1357 3413 quid
1389 3301 1423 3386 st
1455 3291 1606 3388 Media
1640 3327 1689 3389 ea
1723 3297 1806 3388 fit?
1854 3307 1974 3393 Nam
2034 3305 2104 3390 tali

826 3440 870 3518 in
907 3431 1331 3544 eruditione,qualis
1359 3453 1454 3516 tum
1475 3431 1664 3514 obtinuit
1680 3496 1698 3540 ‚,
1732 3435 1892 3516 mirum
1914 3462 2009 3520 non
2033 3435 2099 3536 ed,

825 3565 856 3646 il
893 3567 983 3674 quis
1020 3564 1062 3644 in
1103 3561 1330 3671 Noruegia
1352 3581 1477 3671 atque
1496 3559 1683 3646 lalandia
1702 3564 1970 3670 crediderit,
1994 3565 2101 3647 Tur·

828 3693 938 3775 riam
977 3711 1024 3774 et
1059 3689 1253 3774 Mediam
1293 3692 1477 3773 eaodem
1516 3688 1600 3770 elle
1619 3691 1881 3800 regionem,
1921 3675 2101 3779 eandem

829 3817 988 3902 deinde
1021 3816 1257 3902 Teucriam
1289 3839 1342 3902 et
1374 3815 1636 3926 Phrygiam,
1664 3819 1722 3902 ibi
1764 3818 1953 3904 Troiam
1996 3821 2100 3907 fuille

831 3947 1048 4032 celebrem
1087 3946 1255 4031 vrbem.
1325 3948 1383 4033 Et
1405 3947 1554 4056 potuit
1575 3944 1733 4032 abillis
1762 3967 1910 4032 totum
1934 3950 2026 4034 hoc
2059 3949 2103 4032 ad

828 4077 1013 4158 Tanaim
1055 4073 1202 4177 reiici,
1237 4077 1411 4185 quaudo
1434 4071 1723 4184 Geographus
1758 4079 2101 4188 Rauennagap·

832 4200 1009 4288 tillrmus
1040 4201 1187 4284 seculo
1223 4203 1302 4288 suo
1334 4205 1499 4307 auctor,
1538 4201 1595 4286 ilc
1630 4205 1712 4290 ait:
1730 4209 1797 4312 (5)
1826 4207 1951 4292 iaxta
1984 4210 2108 4316 regit·

832 4357 918 4414 rtem
955 4323 1178 4414 Maeotida
1200 4332 1255 4446 est
1281 4334 1419 4442 patria
1447 4336 1648 4437 maxima,
1683 4359 1789 4447 quae
1813 4337 2105 4424 diciturDar·

1373 4541 1379 4550 .
1980 4465 2106 4548 dania.

844 4583 2113 4698 mm
