4459 6017
604 476 1016 582 enarrarre
1373 515 1470 601 aar

182 717 387 812 Achaeos
423 715 498 802 fibi
535 720 635 805 satia
669 746 832 832 aequos
868 723 980 824 else,
1027 723 1184 808 animis
1222 723 1265 809 iu
1302 721 1480 835 Philip,

183 877 287 962 pum
328 849 424 958 plus
448 873 576 958 quam
613 851 661 931 in
693 853 947 940 libertatem
969 848 1131 954 versis,
1171 853 1475 960 proicitusest

181 981 227 1062 in
265 980 477 1083 Cretam,
510 999 558 1061 ut
604 977 837 1087 Gortyniir
881 1005 1065 1086 operam
1102 978 1146 1062 in
1184 978 1306 1062 bello
1345 1007 1477 1070 naua·
1571 984 1579 994 ’

181 1129 274 1192 ret:
309 1105 717 1213 Philopoemenem
752 1131 872 1190 anno
908 1106 1108 1190 Achaico
1133 1115 1194 1192 w82
1226 1108 1475 1218 profertum

184 1235 271 1319 effe
305 1236 503 1319 inuenio.
571 1235 687 1326 Nam
727 1233 949 1320 Pausanias
987 1235 1153 1340 scribit,
1192 1262 1290 1320 eum
1316 1239 1473 1346 eulpa-2

182 1365 338 1466 trahe,
377 1363 521 1448 donec
559 1363 667 1448 noui
683 1363 956 1469 magistratus
975 1362 1258 1470 legerentur,
1296 1363 1474 1454 ubil'el'e

183 1491 358 1576 excludi
393 1491 547 1596 sen'sst,
602 1488 818 1576 exceffiffe
851 1509 898 1580 et
935 1511 986 1574 ut
1035 1489 1289 1582 Plutarchus
1325 1492 1470 1580 decla·

178 1639 266 1724 rat,
305 1643 364 1704 eo
384 1621 581 1706 maxime
600 1639 833 1730 tempore,
866 1645 966 1706 cum
1010 1623 1182 1728 patriae
1231 1624 1471 1730 periculum

180 1749 443 1833 immineret
496 1774 520 1831 a
569 1750 761 1836 Nabide.
826 1749 972 1866 Qrare
1008 1773 1108 1832 curn
1152 1749 1321 1836 Achaei
1368 1753 1478 1840 Aer·-

179 1876 373 1961 llaenum
413 1896 673 1987 praetorem
709 1875 878 1964 auxilio
924 1876 1148 1980 misrlsent,
1201 1878 1478 1988 Megalopo·
1571 1911 1576 1926 ’

179 2003 310 2088 lirani
341 2009 386 2088 in
421 2005 824 2115 Philopoemenem
871 2027 1029 2113 graues
1071 2005 1310 2090 secarentias
1359 2005 1471 2090 tule-

176 2152 309 2237 runt,
346 2155 568 2245 tamquam
608 2135 654 2216 in
683 2131 956 2218 desertorem
979 2137 1177 2242 patriae,
1220 2135 1474 2222 Aristaenus

179 2282 329 2344 autem
368 2260 444 2342 erss
478 2260 534 2343 ab
570 2284 629 2341 eo
668 2265 713 2344 in
755 2257 1272 2367 republicadiffidebat,
1322 2281 1474 2350 tamen

177 2377 441 2498 impediuit,
478 2387 671 2496 nequid
716 2389 890 2496 grauius
942 2385 1218 2473 statueretur.
1284 2390 1475 2479 Praetor

178 2541 326 2601 autem
347 2519 595 2602 Aristaenus
617 2514 699 2621 (lic
728 2539 824 2599 eum
857 2511 1086 2626 Polybius,
1107 2521 1172 2615 (a)
1209 2514 1264 2598 iic
1294 2515 1470 2623 Liuius,

175 2643 232 2728 hc
253 2647 496 2745 Pausanias,
552 2646 626 2756 qui
661 2629 1099 2751 Megalopolitanum
1147 2639 1265 2734 fuilse
1308 2644 1472 2750 tradit,

175 2797 369 2875 uocant,
392 2795 579 2883 quorum
605 2773 719 2881 apud
744 2794 815 2855 me
835 2774 978 2856 maior
1000 2770 1058 2854 cll
1080 2771 1315 2866 authoritas
1334 2796 1466 2882 quam

173 2901 392 2985 Plutarchi
413 2900 740 2988 Aristaenetum
763 2902 992 3000 uocantis)
1024 2924 1146 2983 anuo
1173 2900 1372 2987 Achaico
1408 2907 1468 2984 82

176 3030 281 3132 fuit,
303 3052 350 3112 ut
372 3056 483 3114 mox
503 3027 834 3118 demonstrabo.
895 3029 1037 3113 Erant
1058 3051 1205 3112 autem
1230 3027 1349 3112 bello
1369 3029 1464 3124 Ro·

175 3183 312 3273 mano
331 3157 553 3266 flagrante
574 3159 864 3257 Macedonia,
886 3179 973 3240 crea
994 3155 1206 3242 satiiones
1224 3158 1269 3242 in
1288 3155 1471 3266 Achaia,

173 3313 258 3371 vna
274 3313 347 3370 ,res
369 3285 638 3370 trahentium
662 3287 714 3368 ad
735 3285 986 3392 Philippum
1016 3307 1186 3391 regem,
1212 3287 1463 3395 principem

175 3415 646 3526 habebat-Cycliadan,
669 3413 807 3498 altera
830 3417 1134 3501 Romanarum
1155 3416 1340 3517 partium
1358 3414 1461 3501 Ari-

172 3547 392 3648 staenum,
426 3545 759 3651 Philopoemen
789 3547 924 3627 lolam
972 3540 1286 3649 rempublicam
1326 3561 1371 3625 et
1410 3539 1467 3624 li-

173 3674 388 3758 bertatem
412 3670 807 3783 complectebatur.
874 3667 1096 3778 Philippus
1127 3695 1232 3775 rex,
1267 3689 1316 3760 rt
1345 3689 1455 3752 tam·

173 3829 301 3910 quam
342 3803 550 3909 mercede
577 3798 772 3884 deliniris
802 3797 991 3882 Achaeis
1036 3802 1179 3906 magis
1215 3800 1459 3884 obnoxiam

171 3931 441 4014 sihi-corum
477 3931 795 4038 rempublicam
831 3927 1039 4028 haberet,
1080 3925 1291 4035 Cycliade
1334 3949 1458 4037 prae·

88 4142 91 4147 ,
174 4083 277 4142 tore
299 4059 585 4142 conditiones
610 4055 709 4138 tulit
742 4057 795 4136 de
826 4057 949 4140 bello
977 4057 1206 4169 Spartano
1235 4056 1316 4140 iuis
1356 4053 1456 4161 apia

466 4269 472 4278 .
1352 4185 1461 4273 bus

252 4321 310 4396 (1)
334 4321 410 4380 Plut.
429 4340 458 4399 p.
479 4321 550 4399 363.
566 4317 884 4394 Pauhn..p-701.102„
920 4315 979 4393 (a)
1000 4315 1057 4374 ille
1074 4319 1188 4397 quidem
1197 4321 1227 4376 iu
1237 4321 1377 4392 excerptis
1409 4309 1457 4374 οῖ’-

171 4428 442 4512 phyregennereirp.
455 4444 540 4504 1421.
563 4429 649 4486 eriam
668 4396 919 4518 ΑρῑςαῑνεἹον
934 4423 1075 4500 appellat,
1095 4423 1152 4482 boc
1170 4437 1241 4481 vero
1254 4420 1351 4496 potina
1368 4417 1457 4491 Grae,

171 4537 236 4594 ‘alo
260 4531 438 4594 Coallancini
454 4545 655 4608 grammatico,
673 4545 758 4609 qaam
777 4526 899 4606 Polybio
911 4524 1070 4585 tribuerim
1111 4523 1199 4584 Ortus
1220 4537 1307 4596 error,
1318 4519 1395 4600 qarod
1409 4513 1457 4578 h.

171 4616 331 4679 'inanem
346 4615 456 4674 Diaeue
468 4611 688 4676 confunderetur
704 4630 771 4672 curn
791 4609 940 4672 hriiiaeuo
956 4605 1215 4686 Megalopolitana
