4459 6017
782 624 894 740 με
1204 595 1389 698 eurr
1419 591 1677 696 renuet

721 884 726 890 ·
777 845 1130 959 malum'putuit
1167 845 1325 928 ducere
1358 831 1627 956 Agiatideui
1681 843 1844 956 Quue,
1879 863 1994 923 eum
2041 837 2102 926 itt

777 983 887 1085 lint,
928 1006 1020 1063 uon
1059 979 1094 1058 is
1129 997 1357 1058 extremus
1392 997 1525 1054 annus
1561 977 1713 1079 Agiou
1734 973 1830 1056 fuit.
1901 971 1944 1058 E
1974 996 2093 1054 tou·

779 1115 924 1196 trario
960 1090 1122 1192 bellum
1159 1129 1256 1184 cum
1284 1104 1461 1186 Aetolis
1484 1099 1646 1184 nullom
1666 1127 1828 1212 gerere
1866 1119 2094 1212 poterent
2205 1113 2206 1128 ¹

779 1239 953 1326 Achaei
989 1234 1140 1318 adulto
1180 1233 1370 1342 paullum
1390 1230 1613 1316 Demetrii
1637 1231 1901 1317 Macedonis
1925 1256 2088 1339 regno.

779 1371 1082 1458 Nam‘contre
1105 1363 1216 1446 illius
1240 1365 1492 1468 potentium
1518 1359 1685 1446 Achaei
1715 1362 1968 1472 Aetolique
1990 1359 2084 1443 foe·

782 1500 862 1580 dus
894 1498 1135 1579 iniueruut.
1203 1491 1327 1598 Ergo
1372 1515 1471 1572 curn
1518 1509 1694 1574 ceterae
1735 1496 1939 1574 rationes
1975 1516 2082 1574 cou-

780 1626 1004 1724 seutiunt,
1045 1621 1154 1706 nihil
1190 1643 1335 1704 autern
1359 1639 1603 1726 repugnet,
1637 1619 1896 1706 Aetolicum
1919 1619 2083 1702 bellum

782 1753 951 1864 gestum
991 1751 1053 1835 est
1083 1751 1270 1859 Olymp.
1292 1747 1533 1836 CXXXV.
1572 1777 1612 1830 1.
1648 1749 1742 1852 seu,
1798 1773 1848 1834 rt
1897 1775 1959 1833 ex
2004 1751 2077 1851 iis,

785 1907 896 1994 quae
935 1906 968 1962 e
996 1877 1231 1965 Plutarcho
1271 1877 1466 1984 protuli,
1488 1879 1652 1986 liquet,
1677 1879 1931 1980 auetomuo,
1951 1875 2078 1962 merse

786 2015 876 2098 iem
913 2011 1128 2094 conuecta
1160 2007 1210 2090 ab
1235 2005 1443 2113 agricolis
1462 2009 1518 2092 A.
1542 2007 1597 2090 V.
1622 2007 1675 2096 C.
1699 2029 1811 2115 514.
1881 2007 1981 2091 Post
2007 2033 2076 2090 au·

786 2161 910 2244 tem,
949 2139 1023 2223 ubi
1057 2135 1318 2224 Demetrius
1353 2137 1590 2243 Antigono
1629 2135 1837 2224 Gouatae
1872 2133 2074 2218 succerre-

787 2289 885 2372 επ,
920 2267 1121 2352 Athenas
1158 2260 1371 2376 aggreffus
1392 2265 1450 2347 est
1469 2275 1656 2372 Aratus,
1676 2269 1747 2374 (9)
1766 2265 1923 2352 sextum
1944 2287 2078 2373 prae-

789 2417 885 2484 tor.

911 2649 1038 2738 vrri.
1067 2648 1228 2740 Redeo
1262 2647 1319 2744 ‚ad
1355 2649 1611 2738 Aetolicum
1648 2647 1827 2740 bellum.
1895 2649 1964 2740 Ab
1985 2649 2074 2740 Co-

785 2777 974 2884 rintho,
1012 2800 1061 2864 vt
1100 2779 1188 2864 dixi
1228 2783 1375 2888 paullo
1416 2807 1540 2890 aure,
1584 2782 1728 2868 socios
1775 2780 1928 2866 dimisit
1961 2783 2071 2864 Arn-
2205 2777 2206 2816 l

792 2932 887 3014 tus,
925 2913 1015 3021 ipse
1052 2909 1236 3018 denique
1273 2905 1473 2998 recellit:
1506 2912 1612 3020 Agis
1649 2937 1729 2996 rex
1760 2909 1960 2995 nonnihil
1976 2931 2069 2990 mo·

794 3061 938 3156 retus,
973 3059 1023 3124 vt
1057 3063 1264 3146 magnum
1301 3037 1541 3125 ostentaret
1579 3060 1623 3123 et
1660 3039 1885 3149 Spartano
1905 3041 2075 3146 dignum
2204 3095 2205 3110 ³

798 3169 1024 3268 animum,
1084 3169 1263 3252 taudem
1301 3187 1346 3253 et
1384 3167 1547 3280 ipsese
1586 3173 1771 3280 recepit.
1840 3173 1921 3256 Per
1972 3167 2075 3248 hine

796 3293 1195 3406 opportunitatem
1233 3296 1390 3383 Aetoli
1418 3297 1772 3410 Peloponnesum
1797 3286 1967 3409 ingreffi
1986 3292 2076 3380 Pel·

794 3425 931 3512 lenen
968 3446 1206 3534 ceperunt:
1240 3445 1284 3510 nt
1315 3428 1475 3512 Aratus
1511 3451 1696 3538 repente
1735 3451 1786 3510 ea
1822 3426 1989 3512 rnurbt
2012 3423 2078 3506 ud·

684 3608 687 3616 ·
799 3579 922 3640 ortus
956 3551 1151 3642 Aetolos
1184 3545 1480 3658 lasciuientes,
1517 3561 1608 3641 acie
1646 3577 1749 3642 ante
1788 3558 1965 3641 moenia
2006 3577 2080 3636 rr·

799 3685 864 3768 bis
899 3685 1005 3768 uicit
1047 3702 1094 3764 et
1132 3707 1229 3764 cum
1263 3681 1450 3768 hostium
1475 3689 1650 3794 agmine
1670 3687 1828 3794 irrupit
1852 3689 1895 3770 in
1918 3682 2074 3770 vrbem.
2202 3769 2203 3776 Ν

799 3813 996 3915 Verum,
1037 3812 1176 3920 iuquit
1214 3809 1487 3918 Plutarchus,
1510 3821 1616 3920 (10)
1649 3841 1746 3898 cum
1769 3816 1933 3898 multae
1956 3831 2078 3920 atque

799 3939 971 4028 validae
1007 3964 1163 4052 gentes
1207 3942 1509 4052 conspirarent
1556 3945 1602 4030 in
1648 3941 1887 4049 Achaeos,
1930 3947 2079 4030 Aratus

801 4067 945 4157 statim
983 4095 1080 4153 cum
1117 4070 1297 4154 Aetolis
1331 4092 1376 4154 et
1415 4099 1568 4184 pacem
1605 4073 1824 4158 etsoedus
1848 4071 2080 4159 confirme-
2200 4075 2202 4106 ¹

800 4201 881 4282 uit.
949 4199 1034 4283 Hus
1071 4219 1230 4306 gentes
1264 4219 1398 4310 puto,
1440 4205 1631 4312 primum
1655 4202 1948 4306 Macedones,
1979 4219 2075 4311 quos

804 4349 938 4435 neque
976 4324 1230 4410 metuebant
1267 4333 1424 4414 Aetoli
1461 4331 1731 4442 Achaeique,
1768 4333 1840 4440 qui
1880 4332 2074 4416 nuncde·

801 4453 952 4542 sunno
983 4455 1223 4562 Antigono
1259 4455 1462 4564 conata,
1503 4487 1623 4545 nouo
1660 4463 1730 4546 sub
1768 4485 1876 4570 rege
1920 4457 2078 4547 Deme·

1996 4605 2077 4670 tuo
