4459 6017
385 582 992 689 CHARuCTuRtu'TrCtS
1025 592 1283 694 OSSJVM.
1336 661 1340 670 -
1384 631 1482 716 259

194 859 297 920 oum
335 834 566 922 interiedia
605 831 772 918 lineola
794 837 937 920 medio
960 839 1188 924 eminente
1209 836 1481 955 respondent

171 965 242 1074 xin
281 969 570 1051 extremitate
606 964 832 1073 superiore
873 966 1024 1053 ossium
1060 969 1305 1080 phalangae
1329 981 1481 1059 iocun-

190 1097 293 1182 dne.
330 1097 476 1182 *Haec
518 1092 605 1177 οιιι
643 1114 691 1204 ιι
713 1117 758 1178 et
787 1096 953 1208 reliqua
986 1099 1259 1207 digitorum,
1299 1105 1482 1193 alatere

193 1228 326 1312 uolat
349 1225 441 1308 suut
464 1220 592 1336 plana
613 1243 658 1308 et
679 1249 888 1332 recuruu,
917 1220 1255 1338 introeuntem
1278 1245 1482 1322 connexa

194 1377 242 1452 et
281 1355 624 1442 rotundiusculn.
690 1351 963 1464 Longiffimum
999 1356 1180 1443 iliorum
1201 1360 1272 1444 ud
1291 1362 1482 1475 digitum

113 1529 118 1534 ·
191 1484 361 1576 medium
382 1484 605 1593 pertinet,
634 1505 692 1566 ex
713 1483 877 1567 duobus
891 1484 1292 1599 breuiiitmisquod
1308 1495 1480 1598 crafflur

143 1622 155 1636 ·
192 1617 274 1721 est,
305 1611 463 1726 pollici,
488 1615 604 1724 quod
625 1611 784 1696 tenuius
802 1613 1034 1700 auriculari
1052 1616 1297 1706 adiudicari.
1319 1621 1373 1706 de
1405 1647 1480 1735 et;
1611 1688 1616 1696 ,

183 1744 309 1856 quod
347 1743 535 1834 aliorum
571 1742 1015 1838 duorumudindicem
1051 1747 1277 1856 pertinet,
1314 1748 1361 1834 id
1413 1755 1481 1840 ιο·

186 1879 453 1986 plerumque
473 1871 661 1978 breuius,
700 1870 976 1980 federnffius,
1009 1876 1128 1989 quod
1147 1875 1477 2014 adnuntiarem,

190 2005 237 2086 id
271 2007 422 2116 longius
459 2005 531 2088 iod
566 2003 738 2090 tenuius
776 2005 861 2086 eise
898 2004 1032 2094 solet.
1068 2032 1168 2091 uon
1200 2007 1336 2121 igitur
1372 2037 1481 2100 eun·

187 2133 294 2218 dem
332 2136 538 2220 ordinem
574 2133 863 2244 longitudinis
899 2161 998 2220 cum
1036 2117 1189 2220 nisibus
1209 2142 1482 2254 metecarpi

184 2263 377 2351 seruant.
449 2265 618 2375 Regula
663 2281 809 2350 autem
857 2265 1149 2352 discriminis
1137 2290 1263 2352 tuter
1291 2270 1480 2360 dextrae

188 2415 241 2478 ⁴et
276 2396 474 2508 sinistrae
501 2417 651 2482 manus
688 2393 776 2480 our
805 2379 917 2478 hoec
952 2399 1128 2482 videtur
1149 2396 1263 2482 effe·
1311 2401 1385 2496 Ex
1404 2427 1478 2488 ca·

192 2527 363 2636 pirolis·
382 2525 547 2630 duobus
592 2530 637 2613 in
661 2527 986 2612 extremitate,
1010 2523 1227 2610 inferiore
1239 2531 1258 2628 ',·
1300 2527 1478 2642 semper

187 2654 325 2768 poulo
362 2657 492 2744 altius
531 2677 576 2744 et
613 2653 785 2744 crnffius
816 2653 928 2740 solet
967 2655 1069 2740 effe
1088 2654 1158 2759 id,
1188 2657 1321 2780 quod
1362 2661 1476 2772 digi·
1521 2665 1587 2746 rin
1606 2673 1664 2748 *ι

182 2805 283 2872 tum
321 2787 488 2874 medium
524 2787 728 2898 respicit,
763 2785 809 2866 io
846 2784 966 2870 medii
1000 2781 1288 2895 autemdigiti
1319 2788 1478 2883 ossein
1559 2835 1566 2844 ·

184 2913 337 3024 specie
375 2915 662 3025 capitulum
678 2915 726 2998 iu
772 2915 927 3000 ricinia
971 2911 1202 3000 annularis
1230 2915 1357 3002 ultius
1393 2921 1510 3035 ιιιιΙ

184 3047 233 3152 in
254 3043 427 3157 pollicis
451 3044 669 3158 phalange
691 3063 924 3155 praeterea
944 3042 1055 3129 latus
1076 3069 1102 3126 ι
1127 3043 1276 3154 digitis
1302 3041 1478 3162 auersum
1515 3153 1527 3170 ,

180 3172 337 3288 longius
369 3177 636 3288 productum
675 3177 759 3262 effe
795 3175 969 3264 videtur
1003 3199 1136 3346 quam
1170 3172 1286 3263 lutus
1324 3203 1476 3295 oppo-

184 3306 335 3394 fitum.

306 3430 699 3554 Phulnngusrrunda
717 3438 873 3527 eundem
900 3438 1236 3553 propemodum
1261 3439 1476 3530 ordinem

185 3567 353 3675 struat,
395 3597 523 3680 quam
562 3574 731 3682 primuq
765 3573 886 3680 quod
921 3575 1042 3656 enim
1080 3565 1379 3679 longissimum
1397 3573 1477 3682 est,

184 3700 464 3807 *aduigitum
506 3701 702 3786 medium
744 3703 970 3808 pertinet,
1010 3702 1130 3812 quod
1159 3697 1474 3810 breuissimum,

89 3821 94 3824 ’
184 3830 240 3914 ιιι
279 3830 521 3924 minimum.
591 3825 882 3939 Reliquorum
922 3829 1042 3943 quod
1082 3826 1336 3926 ‚t-ruiitnset
1372 3832 1475 3918 bre'·
1567 3942 1573 3955 υ

181 3958 281 4044 uius
316 3957 370 4038 ad
407 3958 623 4064 indicem,
663 3959 784 4070 qnod
818 3957 995 4072 longius
1030 3978 1075 4046 et
1106 3960 1284 4046 tenuius
1322 3959 1375 4045 ad
1396 3987 1474 4048 nu·

183 4088 387 4172 -nuiarem
426 4085 635 4198 pertinet.
702 4088 954 4178 Discrimen
991 4093 1109 4177 inter
1147 4090 1306 4176 dextra
1343 4111 1390 4207 et
1418 4089 1474 4176 st·

115 4284 121 4307 .
179 4218 313 4316 nistra
354 4220 446 4322 peti
485 4214 613 4302 debet
636 4241 692 4300 ex
712 4219 997 4308 attitulatione
1016 4245 1113 4304 cum
1141 4217 1356 4333 phalanga
1376 4219 1474 4339 pri·

180 4372 264 4434 ma.
334 4345 449 4432 Num
486 4347 858 4456 quemadmodum
897 4353 956 4447 ibi
991 4352 1179 4460 capitula
1210 4352 1472 4436 tersusme·

175 4481 305 4572 dium
327 4476 532 4584 ‚digitum
572 4477 643 4573 (et
682 4475 726 4556 iu
767 4477 863 4586 ipso
891 4481 1041 4561 medio
1067 4481 1211 4590 digito
1232 4479 1374 4564 tersus
1396 4505 1472 4562 nn·

179 4607 410 4712 nulnrem)
465 4603 599 4716 paulo
636 4599 794 4700 altiora
839 4631 888 4690 uc
925 4603 1127 4694 crnistota
1164 4609 1286 4714 suut,
1322 4609 1385 4694 ite
1423 4623 1471 4691 et

757 4733 820 4822 Li
860 4765 884 4820 2
1362 4732 1473 4852 pha·
