4459 6017
762 434 864 536 μό
1036 411 1055 494 .'
1116 413 1120 420 ’
1168 405 1661 510 OONVERSIONES

763 657 837 747 vel
871 659 1007 745 etiam
1043 655 1089 740 in
1125 655 1276 742 sabula.
1347 655 1462 745 Cum
1517 644 1630 739 roro
1683 651 1855 740 diuinus
1907 657 2042 744 cultus

759 787 1032 901 Odino'per
1069 812 1255 871 omnem
1298 786 1440 872 serme
1491 785 1719 896 Europam
1773 785 2042 894 septentrio·

759 920 907 1006 nalem
941 919 1003 1006 est
1037 917 1245 1020 tributus,
1283 919 1331 1000 id
1369 913 1479 1002 mihi
1500 916 1714 1003 idoneum
1736 938 2039 1026 argumentum

758 1054 938 1136 viderur
975 1046 1083 1149 elle,
1123 1067 1172 1130 ut
1208 1049 1414 1147 credam,
1447 1042 1658 1128 exstitisse
1680 1045 1871 1152 aliquem
1902 1052 2039 1154 prisco

760 1201 873 1266 aeuo
909 1177 1130 1262 celebrem
1167 1177 1335 1279 airum,
1376 1176 1545 1284 magnis
1580 1172 1844 1261 facinoribus
1881 1202 2040 1287 perpe·

671 1332 674 1338 ’
730 1308 885 1400 ,tratis
922 1305 1162 1415 infignem,
1197 1326 1329 1416 quem
1366 1302 1595 1389 hominurn
1617 1300 1871 1412 simplicitas
1890 1331 1949 1390 ex
1965 1307 2040 1392 he·

756 1461 886 1548 ronan
924 1461 1112 1532 numero
1153 1432 1383 1546 paullatim
1421 1433 1624 1518 euexec'it
1662 1432 1715 1514 ad
1754 1431 1864 1518 deos
1893 1438 2039 1522 etde·

757 1567 888 1680 nique
928 1565 1174 1677 praecipuo
1210 1562 1389 1647 honore
1429 1583 1533 1646 ante
1567 1560 1674 1645 deos
1694 1560 1807 1646 alios
1835 1562 2038 1655 coluerit.

755 1695 829 1783 Ne
864 1719 994 1808 quem
1032 1719 1144 1776 vero
1181 1713 1389 1797 moueat,
1424 1716 1524 1776 cnm
1563 1711 1608 1776 et
1643 1687 1830 1774 sabulum
1879 1717 2038 1778 conce·

757 1826 858 1908 dam
895 1825 979 1910 esse
1011 1821 1254 1925 Oahinum,
1291 1842 1338 1906 et
1368 1825 1606 1907 veritatem
1641 1821 1686 1901 in
1731 1818 1866 1904 sabula
1896 1825 2040 1932 requi·

756 1977 878 2058 ram,
913 1955 1126 2066 figmenta
1163 1953 1373 2040 celicium.
1438 1950 1636 2059 Plerique
1659 1949 1816 2060 populi
1843 1971 1888 2035 et
1904 1978 2040 2062 prae·

756 2081 905 2166 sertim
941 2081 1161 2165 libertatis
1197 2081 1457 2189 virtutisque
1496 2103 1718 2183 amantes,
1752 2104 1888 2163 rerum
1926 2101 2034 2168 ante

755 2207 799 2294 se
840 2211 1060 2318 gestarum
1109 2207 1410 2294 admiratione
1450 2207 1586 2310 moti,
1639 2206 1670 2290 li
1709 2234 1796 2294 non
1835 2207 2036 2318 scripto,

756 2355 907 2423 tamen
945 2337 1153 2422 sermone
1190 2356 1236 2419 et
1282 2337 1477 2420 carmine
1514 2334 1700 2446 aliquam
1745 2329 1906 2452 priscae
1945 2365 2041 2424 me·

758 2469 931 2552 moriae
977 2463 1340 2577 recordationem
1392 2465 1719 2550 conseruarunt.
1790 2465 1973 2552 Fabulae
2018 2492 2039 2552 a

754 2598 873 2680 neris
915 2594 1186 2679 sermonibus
1237 2597 1442 2678 narrandi
1500 2593 1761 2678 obscuritate
1806 2593 2036 2699 differunt,

755 2749 848 2809 non
887 2747 986 2810 tota
1034 2745 1188 2807 natura
1225 2723 1319 2822 sua,
1367 2727 1432 2808 nti
1477 2723 1574 2806 salsa
1617 2745 1662 2807 et
1709 2729 2034 2809 commentitia.

756 2851 827 2940 Sic
865 2856 910 2938 in
948 2849 1217 2942 Graecarum
1257 2849 1492 2936 fabularum
1516 2852 1731 2962 plerisque
1762 2852 1873 2935 inest
1895 2880 2029 2938 rerum

756 2978 972 3090 gestarum
1009 2981 1220 3089 quaedam
1256 2980 1443 3080 veritas,
1483 2981 1552 3064 sed
1574 2980 1682 3066 velis
1711 2980 1933 3064 occultata
1964 2984 2035 3065 suis

758 3129 806 3192 et
844 3109 1048 3194 tenebriS.
1119 3108 1364 3215 Eleganter
1399 3109 1578 3196 Strabo:
1606 3111 1676 3213 (7)
1717 3103 2033 3226 Φιλαδνζμωνό

755 3221 1003 3364 liudpertus,
1050 3229 1281 3354 opon‘tpuon
1319 3229 1367 3324 δὲ
1414 3231 1521 3324 adra
1566 3230 1614 3322 τὸ
1659 3232 1944 3354 Φιλέμυθον,
1994 3261 2036 3324 et

754 3367 874 3451 idem
919 3365 1065 3477 paullo
1102 3369 1199 3477 poll
1239 3392 1329 3448 non
1366 3369 1658 3453 minos-vere:
1694 3361 1725 3456 ia
1753 3367 1924 3484 πρῶτοι
1952 3365 2033 3469 ico·

755 3495 850 3610 panai
899 3527 928 3613 a,
972 3487 1166 3606 Φυσικσῖ,
1216 3487 1524 3612 μυθογράφοι.
1590 3499 1729 3613 Quam
1775 3502 2031 3584 lententiam

750 3625 1059 3735 Palaephatus,
1105 3625 1351 3712 Eullarbins
1394 3651 1437 3708 er
1488 3623 2032 3738 maganaGca'mmatico·

754 3777 851 3836 rum
894 3753 1081 3864 populus
1122 3757 1164 3838 in
1184 3753 1455 3864 explicandis
1478 3741 1624 3844 sabulis
1641 3752 2032 3868 Graeciasequun·

751 3902 837 3966 cur.
874 3885 956 3970 ·ln
994 3886 1210 3974 Romanis
1248 3907 1393 3967 autern
1434 3883 1575 3971 nolite
1613 3889 1818 3986 credere,
1855 3887 2031 3973 Fabium

749 4010 968 4098 Pictorem
1009 4034 1081 4099 aut
1117 4014 1168 4102 1„
1203 4011 1453 4115 Sisennam,
1488 4014 1561 4099 uel
1590 4014 1820 4105 Claudium
1849 4017 2031 4133 Quadri·

750 4142 920 4248 gatiam
960 4145 1092 4262 etQ.
1141 4142 1368 4226 Valetium
1422 4143 1656 4229 Antiatem
1709 4142 1761 4226 ab
1812 4145 2026 4248 Euandri,

752 4266 1048 4379 Carmentae,
1094 4270 1313 4362 Saliorum
1359 4272 1621 4360 carminibus
1666 4272 1928 4380 abstinuisse,
1964 4298 2028 4360 aut

1923 4403 2027 4488 nihil

764 4509 866 4530 fian*-

835 4527 892 4618 (a)
914 4549 943 4614 a·
973 4551 1020 4617 1³·
