<?xml version="1.0" encoding="UTF-8"?>
<!DOCTYPE html PUBLIC "-//W3C//DTD XHTML 1.0 Transitional//EN"
    "http://www.w3.org/TR/xhtml1/DTD/xhtml1-transitional.dtd">
<html xmlns="http://www.w3.org/1999/xhtml" xml:lang="en" lang="en">
 <head>
  <title>
</title>
<meta http-equiv="Content-Type" content="text/html;charset=utf-8" />
  <meta name='ocr-system' content='tesseract 3.04.00' />
  <meta name='ocr-capabilities' content='ocr_page ocr_carea ocr_par ocr_line ocrx_word'/>
</head>
<body>
  <div class='ocr_page' id='page_1' title='image "./commentariiacad03sssrgoog_0372.png"; bbox 0 0 4459 6017; ppageno 0'>
   <div class='ocr_carea' id='block_1_1' title="bbox 829 423 1717 636">
    <p class='ocr_par' dir='ltr' id='par_1_1' title="bbox 829 423 1717 636">
     <span class='ocr_line' id='line_1_1' title="bbox 829 423 1717 636; baseline -0.005 -24"><span class='ocrx_word' id='word_1_1' title='bbox 829 435 926 636; x_wconf 60' lang='grc' dir='ltr'>ω</span> <span class='ocrx_word' id='word_1_2' title='bbox 1167 423 1178 432; x_wconf 30' lang='grc'><strong>”</strong></span> <span class='ocrx_word' id='word_1_3' title='bbox 1232 478 1717 614; x_wconf 70' lang='lat' dir='ltr'>conversiones</span> 
     </span>
    </p>
   </div>
   <div class='ocr_carea' id='block_1_2' title="bbox 727 743 2079 3832">
    <p class='ocr_par' dir='ltr' id='par_1_2' title="bbox 727 743 2079 3832">
     <span class='ocr_line' id='line_1_2' title="bbox 727 743 2075 878; baseline -0.003 -30"><span class='ocrx_word' id='word_1_4' title='bbox 727 873 729 878; x_wconf 65' lang='lat'>,</span> <span class='ocrx_word' id='word_1_5' title='bbox 820 759 1253 864; x_wconf 72' lang='lat' dir='ltr'>condemnaturum,</span> <span class='ocrx_word' id='word_1_6' title='bbox 1287 753 1819 867; x_wconf 80' lang='lat' dir='ltr'>qurmGtoeerehnbeut.</span> <span class='ocrx_word' id='word_1_7' title='bbox 1891 743 2075 844; x_wconf 80' lang='lat' dir='ltr'>Sermone</span> 
     </span>
     <span class='ocr_line' id='line_1_3' title="bbox 824 887 2072 992; baseline -0.002 -16"><span class='ocrx_word' id='word_1_8' title='bbox 824 889 1061 976; x_wconf 84' lang='lat' dir='ltr'>hominum</span> <span class='ocrx_word' id='word_1_9' title='bbox 1099 910 1146 974; x_wconf 88' lang='lat' dir='ltr'>et</span> <span class='ocrx_word' id='word_1_10' title='bbox 1182 887 1729 991; x_wconf 78' lang='lat' dir='ltr'>cautuconle‘roobnntur,</span> <span class='ocrx_word' id='word_1_11' title='bbox 1751 958 1755 967; x_wconf 93' lang='lat'><em>.</em></span> <span class='ocrx_word' id='word_1_12' title='bbox 1767 887 1970 992; x_wconf 91' lang='lat' dir='ltr'>pertenui</span> <span class='ocrx_word' id='word_1_13' title='bbox 1998 890 2072 974; x_wconf 80' lang='lat' dir='ltr'>sone</span> 
     </span>
     <span class='ocr_line' id='line_1_4' title="bbox 823 1011 2072 1124; baseline -0.003 -20"><span class='ocrx_word' id='word_1_14' title='bbox 823 1039 869 1104; x_wconf 87' lang='lat' dir='ltr'>et</span> <span class='ocrx_word' id='word_1_15' title='bbox 908 1016 1055 1102; x_wconf 81' lang='lat' dir='ltr'>fallaci</span> <span class='ocrx_word' id='word_1_16' title='bbox 1081 1015 1311 1101; x_wconf 76' lang='lat' dir='ltr'>nel-fidem</span> <span class='ocrx_word' id='word_1_17' title='bbox 1353 1014 1627 1117; x_wconf 83' lang='lat' dir='ltr'>ministerio,</span> <span class='ocrx_word' id='word_1_18' title='bbox 1667 1011 1973 1124; x_wconf 79' lang='lat' dir='ltr'>praesertirnfi</span> <span class='ocrx_word' id='word_1_19' title='bbox 1998 1043 2072 1100; x_wconf 83' lang='lat' dir='ltr'>nero</span> 
     </span>
     <span class='ocr_line' id='line_1_5' title="bbox 824 1139 2073 1234; baseline -0.002 -4"><span class='ocrx_word' id='word_1_20' title='bbox 824 1147 934 1234; x_wconf 73' lang='lat' dir='ltr'>setin</span> <span class='ocrx_word' id='word_1_21' title='bbox 969 1142 1189 1231; x_wconf 78' lang='lat' dir='ltr'>adulando</span> <span class='ocrx_word' id='word_1_22' title='bbox 1218 1139 1545 1230; x_wconf 81' lang='lat' dir='ltr'>extollerentur</span> <span class='ocrx_word' id='word_1_23' title='bbox 1578 1145 1627 1226; x_wconf 91' lang='lat' dir='ltr'>in</span> <span class='ocrx_word' id='word_1_24' title='bbox 1655 1147 1802 1226; x_wconf 83' lang='lat' dir='ltr'>maios.</span> <span class='ocrx_word' id='word_1_25' title='bbox 1866 1144 1993 1229; x_wconf 84' lang='lat' dir='ltr'>Olnus</span> <span class='ocrx_word' id='word_1_26' title='bbox 2011 1145 2073 1228; x_wconf 88' lang='lat' dir='ltr'>Ve-</span> 
     </span>
     <span class='ocr_line' id='line_1_6' title="bbox 824 1268 2070 1362; baseline 0 -4"><span class='ocrx_word' id='word_1_27' title='bbox 824 1275 957 1362; x_wconf 87' lang='lat' dir='ltr'>reliu&#39;s</span> <span class='ocrx_word' id='word_1_28' title='bbox 994 1276 1125 1359; x_wconf 91' lang='lat' dir='ltr'>initio</span> <span class='ocrx_word' id='word_1_29' title='bbox 1161 1270 1659 1360; x_wconf 78' lang='lat' dir='ltr'>animaduerlionumin</span> <span class='ocrx_word' id='word_1_30' title='bbox 1677 1268 1892 1360; x_wconf 87' lang='lat' dir='ltr'>Gothnici</span> <span class='ocrx_word' id='word_1_31' title='bbox 1919 1291 1961 1357; x_wconf 90' lang='lat' dir='ltr'>et</span> <span class='ocrx_word' id='word_1_32' title='bbox 1982 1271 2070 1362; x_wconf 81' lang='lat' dir='ltr'>lioll</span> 
     </span>
     <span class='ocr_line' id='line_1_7' title="bbox 825 1398 2070 1516; baseline -0.003 -28"><span class='ocrx_word' id='word_1_33' title='bbox 825 1402 1081 1506; x_wconf 82' lang='lat' dir='ltr'>historiam,</span> <span class='ocrx_word' id='word_1_34' title='bbox 1128 1404 1409 1486; x_wconf 82' lang='lat' dir='ltr'>narrationes</span> <span class='ocrx_word' id='word_1_35' title='bbox 1447 1400 1505 1485; x_wconf 87' lang='lat' dir='ltr'>-de</span> <span class='ocrx_word' id='word_1_36' title='bbox 1548 1399 1675 1516; x_wconf 88' lang='lat' dir='ltr'>rebus</span> <span class='ocrx_word' id='word_1_37' title='bbox 1720 1398 1944 1510; x_wconf 78' lang='lat' dir='ltr'>praeclare</span> <span class='ocrx_word' id='word_1_38' title='bbox 1980 1402 2070 1516; x_wconf 82' lang='lat' dir='ltr'>gellio</span> 
     </span>
     <span class='ocr_line' id='line_1_8' title="bbox 827 1522 2069 1642; baseline -0.003 -26"><span class='ocrx_word' id='word_1_39' title='bbox 827 1555 909 1642; x_wconf 89' lang='lat' dir='ltr'>per</span> <span class='ocrx_word' id='word_1_40' title='bbox 948 1555 1027 1615; x_wconf 82' lang='lat' dir='ltr'>ona</span> <span class='ocrx_word' id='word_1_41' title='bbox 1066 1532 1300 1616; x_wconf 89' lang='lat' dir='ltr'>hominum</span> <span class='ocrx_word' id='word_1_42' title='bbox 1332 1529 1514 1615; x_wconf 83' lang='lat' dir='ltr'>traditas</span> <span class='ocrx_word' id='word_1_43' title='bbox 1553 1549 1600 1614; x_wconf 88' lang='lat' dir='ltr'>et</span> <span class='ocrx_word' id='word_1_44' title='bbox 1629 1532 1676 1610; x_wconf 89' lang='lat' dir='ltr'>in</span> <span class='ocrx_word' id='word_1_45' title='bbox 1692 1522 1977 1614; x_wconf 83' lang='lat' dir='ltr'>concionibus</span> <span class='ocrx_word' id='word_1_46' title='bbox 1993 1557 2069 1613; x_wconf 89' lang='lat' dir='ltr'>con·</span> 
     </span>
     <span class='ocr_line' id='line_1_9' title="bbox 828 1653 2070 1776; baseline -0.003 -30"><span class='ocrx_word' id='word_1_47' title='bbox 828 1662 1040 1770; x_wconf 89' lang='lat' dir='ltr'>uiuiisque</span> <span class='ocrx_word' id='word_1_48' title='bbox 1064 1659 1303 1744; x_wconf 79' lang='lat' dir='ltr'>celebratos</span> <span class='ocrx_word' id='word_1_49' title='bbox 1322 1653 1439 1744; x_wconf 82' lang='lat' dir='ltr'>fuiss‘e</span> <span class='ocrx_word' id='word_1_50' title='bbox 1462 1657 1794 1744; x_wconf 76' lang='lat' dir='ltr'>demonstrauit.</span> <span class='ocrx_word' id='word_1_51' title='bbox 1862 1661 2070 1776; x_wconf 83' lang='lat' dir='ltr'>Qoideniu</span> 
     </span>
     <span class='ocr_line' id='line_1_10' title="bbox 827 1784 2073 1898; baseline -0.003 -26"><span class='ocrx_word' id='word_1_52' title='bbox 827 1787 944 1872; x_wconf 76' lang='lat' dir='ltr'>aliud</span> <span class='ocrx_word' id='word_1_53' title='bbox 963 1787 1270 1892; x_wconf 81' lang='lat' dir='ltr'>Islnndorum,</span> <span class='ocrx_word' id='word_1_54' title='bbox 1310 1787 1626 1895; x_wconf 82' lang='lat' dir='ltr'>Noruagorum</span> <span class='ocrx_word' id='word_1_55' title='bbox 1656 1784 1969 1898; x_wconf 84' lang='lat' dir='ltr'>Donorumque</span> <span class='ocrx_word' id='word_1_56' title='bbox 1984 1784 2073 1871; x_wconf 83' lang='lat' dir='ltr'>Seni·</span> 
     </span>
     <span class='ocr_line' id='line_1_11' title="bbox 827 1915 2070 2030; baseline -0.002 -29"><span class='ocrx_word' id='word_1_57' title='bbox 827 1919 897 2001; x_wconf 88' lang='lat' dir='ltr'>dri</span> <span class='ocrx_word' id='word_1_58' title='bbox 934 1937 1145 2030; x_wconf 86' lang='lat' dir='ltr'>egerunt,</span> <span class='ocrx_word' id='word_1_59' title='bbox 1182 1941 1310 2028; x_wconf 83' lang='lat' dir='ltr'>quom</span> <span class='ocrx_word' id='word_1_60' title='bbox 1348 1936 1398 2001; x_wconf 83' lang='lat' dir='ltr'>vt</span> <span class='ocrx_word' id='word_1_61' title='bbox 1443 1941 1531 2026; x_wconf 87' lang='lat' dir='ltr'>pro</span> <span class='ocrx_word' id='word_1_62' title='bbox 1575 1915 1650 2001; x_wconf 89' lang='lat' dir='ltr'>suo</span> <span class='ocrx_word' id='word_1_63' title='bbox 1695 1919 1871 2026; x_wconf 87' lang='lat' dir='ltr'>quisque</span> <span class='ocrx_word' id='word_1_64' title='bbox 1904 1919 2070 2027; x_wconf 81' lang='lat' dir='ltr'>ingenio,</span> 
     </span>
     <span class='ocr_line' id='line_1_12' title="bbox 827 2041 2073 2154; baseline -0.004 -23"><span class='ocrx_word' id='word_1_65' title='bbox 827 2045 899 2131; x_wconf 90' lang='lat' dir='ltr'>seu</span> <span class='ocrx_word' id='word_1_66' title='bbox 934 2067 1139 2132; x_wconf 81' lang='lat' dir='ltr'>veterem</span> <span class='ocrx_word' id='word_1_67' title='bbox 1168 2067 1426 2148; x_wconf 88' lang='lat' dir='ltr'>rumorem,</span> <span class='ocrx_word' id='word_1_68' title='bbox 1467 2043 1536 2128; x_wconf 89' lang='lat' dir='ltr'>seu</span> <span class='ocrx_word' id='word_1_69' title='bbox 1556 2045 1615 2128; x_wconf 91' lang='lat' dir='ltr'>sni</span> <span class='ocrx_word' id='word_1_70' title='bbox 1636 2041 1743 2134; x_wconf 69' lang='lat' dir='ltr'>foeta</span> <span class='ocrx_word' id='word_1_71' title='bbox 1763 2047 1965 2154; x_wconf 82' lang='lat' dir='ltr'>temporis</span> <span class='ocrx_word' id='word_1_72' title='bbox 1983 2071 2073 2128; x_wconf 90' lang='lat' dir='ltr'>coo·</span> 
     </span>
     <span class='ocr_line' id='line_1_13' title="bbox 828 2168 2074 2282; baseline -0.004 -25"><span class='ocrx_word' id='word_1_73' title='bbox 828 2168 1101 2258; x_wconf 74' lang='lat' dir='ltr'>celebraret?</span> <span class='ocrx_word' id='word_1_74' title='bbox 1133 2181 1203 2273; x_wconf 86' lang='lat'>(8)</span> <span class='ocrx_word' id='word_1_75' title='bbox 1236 2175 1405 2258; x_wconf 88' lang='lat' dir='ltr'>Eorum</span> <span class='ocrx_word' id='word_1_76' title='bbox 1444 2172 1576 2258; x_wconf 87' lang='lat' dir='ltr'>fidem</span> <span class='ocrx_word' id='word_1_77' title='bbox 1608 2176 1765 2260; x_wconf 80' lang='lat' dir='ltr'>Arrius</span> <span class='ocrx_word' id='word_1_78' title='bbox 1792 2172 2074 2282; x_wconf 81' lang='lat' dir='ltr'>Polyhillon(9)</span> 
     </span>
     <span class='ocr_line' id='line_1_14' title="bbox 826 2297 2073 2410; baseline -0.004 -24"><span class='ocrx_word' id='word_1_79' title='bbox 826 2325 881 2404; x_wconf 82' lang='lat' dir='ltr'>et</span> <span class='ocrx_word' id='word_1_80' title='bbox 917 2304 1009 2384; x_wconf 86' lang='lat' dir='ltr'>eius</span> <span class='ocrx_word' id='word_1_81' title='bbox 1045 2299 1135 2383; x_wconf 86' lang='lat' dir='ltr'>fere</span> <span class='ocrx_word' id='word_1_82' title='bbox 1180 2299 1367 2409; x_wconf 80' lang='lat' dir='ltr'>aequalis</span> <span class='ocrx_word' id='word_1_83' title='bbox 1408 2297 1676 2385; x_wconf 81' lang='lat' dir='ltr'>Saemundus</span> <span class='ocrx_word' id='word_1_84' title='bbox 1721 2301 1867 2410; x_wconf 82' lang='lat' dir='ltr'>sigfnu</span> <span class='ocrx_word' id='word_1_85' title='bbox 1903 2299 2000 2384; x_wconf 83' lang='lat' dir='ltr'>lilius</span> <span class='ocrx_word' id='word_1_86' title='bbox 2034 2319 2073 2382; x_wconf 92' lang='lat' dir='ltr'>et</span> 
     </span>
     <span class='ocr_line' id='line_1_15' title="bbox 826 2425 2072 2540; baseline -0.002 -28"><span class='ocrx_word' id='word_1_87' title='bbox 826 2428 928 2540; x_wconf 87' lang='lat' dir='ltr'>post</span> <span class='ocrx_word' id='word_1_88' title='bbox 964 2425 1099 2531; x_wconf 82' lang='lat' dir='ltr'>alios,</span> <span class='ocrx_word' id='word_1_89' title='bbox 1137 2451 1246 2538; x_wconf 88' lang='lat' dir='ltr'>quos</span> <span class='ocrx_word' id='word_1_90' title='bbox 1280 2428 1570 2514; x_wconf 78' lang='lat' dir='ltr'>Thermodus</span> <span class='ocrx_word' id='word_1_91' title='bbox 1598 2428 1811 2516; x_wconf 79' lang='lat' dir='ltr'>Torsreue</span> <span class='ocrx_word' id='word_1_92' title='bbox 1847 2449 1891 2515; x_wconf 89' lang='lat' dir='ltr'>et</span> <span class='ocrx_word' id='word_1_93' title='bbox 1921 2429 2072 2537; x_wconf 78' lang='lat' dir='ltr'>Arogri·</span> 
     </span>
     <span class='ocr_line' id='line_1_16' title="bbox 822 2551 2073 2678; baseline -0.002 -36"><span class='ocrx_word' id='word_1_94' title='bbox 822 2583 922 2678; x_wconf 22' lang='lat' dir='ltr'>lmus</span> <span class='ocrx_word' id='word_1_95' title='bbox 957 2557 1089 2644; x_wconf 82' lang='lat' dir='ltr'>Ionas</span> <span class='ocrx_word' id='word_1_96' title='bbox 1126 2556 1382 2663; x_wconf 83' lang='lat' dir='ltr'>recensent,</span> <span class='ocrx_word' id='word_1_97' title='bbox 1416 2551 1587 2646; x_wconf 88' lang='lat' dir='ltr'>Snorro</span> <span class='ocrx_word' id='word_1_98' title='bbox 1610 2556 1831 2660; x_wconf 67' lang='lat' dir='ltr'>Sturlneue</span> <span class='ocrx_word' id='word_1_99' title='bbox 1859 2557 2073 2665; x_wconf 84' lang='lat' dir='ltr'>(no)seeoti</span> 
     </span>
     <span class='ocr_line' id='line_1_17' title="bbox 826 2681 2070 2796; baseline -0.003 -24"><span class='ocrx_word' id='word_1_100' title='bbox 826 2688 936 2772; x_wconf 91' lang='lat' dir='ltr'>sunt.</span> <span class='ocrx_word' id='word_1_101' title='bbox 1010 2681 1245 2796; x_wconf 74' lang='lat' dir='ltr'>Sapienter</span> <span class='ocrx_word' id='word_1_102' title='bbox 1280 2685 1352 2770; x_wconf 87' lang='lat' dir='ltr'>hic</span> <span class='ocrx_word' id='word_1_103' title='bbox 1380 2683 1484 2772; x_wconf 88' lang='lat' dir='ltr'>fidei</span> <span class='ocrx_word' id='word_1_104' title='bbox 1517 2687 1613 2773; x_wconf 79' lang='lat' dir='ltr'>sune</span> <span class='ocrx_word' id='word_1_105' title='bbox 1647 2689 1763 2774; x_wconf 78' lang='lat' dir='ltr'>cauit</span> <span class='ocrx_word' id='word_1_106' title='bbox 1793 2687 1982 2791; x_wconf 77' lang='lat' dir='ltr'>Soneio,</span> <span class='ocrx_word' id='word_1_107' title='bbox 2010 2688 2070 2788; x_wconf 84' lang='lat' dir='ltr'>oin,</span> 
     </span>
     <span class='ocr_line' id='line_1_18' title="bbox 822 2815 2070 2935; baseline -0.003 -35"><span class='ocrx_word' id='word_1_108' title='bbox 822 2837 874 2900; x_wconf 82' lang='lat' dir='ltr'>ut</span> <span class='ocrx_word' id='word_1_109' title='bbox 914 2840 972 2900; x_wconf 87' lang='lat' dir='ltr'>ex</span> <span class='ocrx_word' id='word_1_110' title='bbox 1009 2815 1122 2900; x_wconf 82' lang='lat' dir='ltr'>illius</span> <span class='ocrx_word' id='word_1_111' title='bbox 1154 2818 1461 2900; x_wconf 87' lang='lat' dir='ltr'>monumentis</span> <span class='ocrx_word' id='word_1_112' title='bbox 1494 2817 1661 2924; x_wconf 85' lang='lat' dir='ltr'>ingenii</span> <span class='ocrx_word' id='word_1_113' title='bbox 1689 2837 1904 2935; x_wconf 79' lang='lat' dir='ltr'>apparet,</span> <span class='ocrx_word' id='word_1_114' title='bbox 1949 2841 2070 2925; x_wconf 74' lang='lat' dir='ltr'>magno</span> 
     </span>
     <span class='ocr_line' id='line_1_19' title="bbox 827 2943 2070 3056; baseline 0 -30"><span class='ocrx_word' id='word_1_115' title='bbox 827 2943 1017 3049; x_wconf 84' lang='lat' dir='ltr'>iudicio,</span> <span class='ocrx_word' id='word_1_116' title='bbox 1059 2968 1198 3054; x_wconf 89' lang='lat' dir='ltr'>neque</span> <span class='ocrx_word' id='word_1_117' title='bbox 1239 2944 1407 3033; x_wconf 85' lang='lat' dir='ltr'>minori</span> <span class='ocrx_word' id='word_1_118' title='bbox 1441 2946 1700 3053; x_wconf 84' lang='lat' dir='ltr'>integritate</span> <span class='ocrx_word' id='word_1_119' title='bbox 1737 2967 1783 3034; x_wconf 92' lang='lat' dir='ltr'>et</span> <span class='ocrx_word' id='word_1_120' title='bbox 1804 2945 1912 3052; x_wconf 84' lang='lat' dir='ltr'>fide,</span> <span class='ocrx_word' id='word_1_121' title='bbox 1934 2946 2070 3056; x_wconf 83' lang='lat' dir='ltr'>ponde·</span> 
     </span>
     <span class='ocr_line' id='line_1_20' title="bbox 829 3071 2074 3187; baseline 0 -35"><span class='ocrx_word' id='word_1_122' title='bbox 829 3071 960 3181; x_wconf 89' lang='lat' dir='ltr'>nique</span> <span class='ocrx_word' id='word_1_123' title='bbox 990 3074 1171 3183; x_wconf 88' lang='lat' dir='ltr'>optimis</span> <span class='ocrx_word' id='word_1_124' title='bbox 1195 3071 1322 3181; x_wconf 88' lang='lat' dir='ltr'>prisci</span> <span class='ocrx_word' id='word_1_125' title='bbox 1345 3073 1442 3158; x_wconf 82' lang='lat' dir='ltr'>aeui</span> <span class='ocrx_word' id='word_1_126' title='bbox 1460 3075 1768 3183; x_wconf 59' lang='lat' dir='ltr'>scriptorum,</span> <span class='ocrx_word' id='word_1_127' title='bbox 1809 3096 2074 3187; x_wconf 76' lang='lat' dir='ltr'>praeterquam</span> 
     </span>
     <span class='ocr_line' id='line_1_21' title="bbox 828 3199 2073 3315; baseline 0.003 -35"><span class='ocrx_word' id='word_1_128' title='bbox 828 3223 926 3282; x_wconf 91' lang='lat' dir='ltr'>cum</span> <span class='ocrx_word' id='word_1_129' title='bbox 965 3223 988 3282; x_wconf 81' lang='lat' dir='ltr'>a</span> <span class='ocrx_word' id='word_1_130' title='bbox 1017 3203 1139 3286; x_wconf 88' lang='lat' dir='ltr'>tenui</span> <span class='ocrx_word' id='word_1_131' title='bbox 1166 3200 1419 3284; x_wconf 84' lang='lat' dir='ltr'>eruditione</span> <span class='ocrx_word' id='word_1_132' title='bbox 1440 3199 1604 3315; x_wconf 76' lang='lat' dir='ltr'>delusus</span> <span class='ocrx_word' id='word_1_133' title='bbox 1630 3205 1705 3287; x_wconf 91' lang='lat' dir='ltr'>est.</span> <span class='ocrx_word' id='word_1_134' title='bbox 1771 3205 1813 3288; x_wconf 87' lang='lat' dir='ltr'>Is</span> <span class='ocrx_word' id='word_1_135' title='bbox 1835 3209 1952 3291; x_wconf 88' lang='lat' dir='ltr'>enim</span> <span class='ocrx_word' id='word_1_136' title='bbox 1970 3207 2073 3303; x_wconf 78' lang='lat' dir='ltr'>nit(n}</span> 
     </span>
     <span class='ocr_line' id='line_1_22' title="bbox 826 3323 2075 3446; baseline 0.002 -34"><span class='ocrx_word' id='word_1_137' title='bbox 826 3324 1026 3440; x_wconf 83' lang='lat' dir='ltr'>scripsnffe</span> <span class='ocrx_word' id='word_1_138' title='bbox 1058 3329 1123 3432; x_wconf 85' lang='lat' dir='ltr'>se,</span> <span class='ocrx_word' id='word_1_139' title='bbox 1161 3323 1280 3442; x_wconf 66' lang='lat' dir='ltr'>doliu</span> <span class='ocrx_word' id='word_1_140' title='bbox 1313 3331 1470 3439; x_wconf 82' lang='lat' dir='ltr'>partim</span> <span class='ocrx_word' id='word_1_141' title='bbox 1499 3352 1658 3434; x_wconf 81' lang='lat' dir='ltr'>eorum,</span> <span class='ocrx_word' id='word_1_142' title='bbox 1698 3356 1801 3446; x_wconf 83' lang='lat' dir='ltr'>quae</span> <span class='ocrx_word' id='word_1_143' title='bbox 1825 3335 1873 3417; x_wconf 88' lang='lat' dir='ltr'>in</span> <span class='ocrx_word' id='word_1_144' title='bbox 1895 3332 2075 3444; x_wconf 79' lang='lat' dir='ltr'>antiqoiffi·</span> 
     </span>
     <span class='ocr_line' id='line_1_23' title="bbox 825 3454 2077 3576; baseline -0.002 -36"><span class='ocrx_word' id='word_1_145' title='bbox 825 3457 903 3540; x_wconf 88' lang='lat' dir='ltr'>min</span> <span class='ocrx_word' id='word_1_146' title='bbox 941 3470 1141 3543; x_wconf 82' lang='lat' dir='ltr'>veterum</span> <span class='ocrx_word' id='word_1_147' title='bbox 1158 3454 1388 3559; x_wconf 80' lang='lat' dir='ltr'>annalibus,</span> <span class='ocrx_word' id='word_1_148' title='bbox 1430 3455 1573 3572; x_wconf 81' lang='lat' dir='ltr'>quibus</span> <span class='ocrx_word' id='word_1_149' title='bbox 1609 3482 1723 3572; x_wconf 82' lang='lat' dir='ltr'>regen</span> <span class='ocrx_word' id='word_1_150' title='bbox 1759 3460 1928 3576; x_wconf 81' lang='lat' dir='ltr'>uirique</span> <span class='ocrx_word' id='word_1_151' title='bbox 1949 3460 2077 3571; x_wconf 82' lang='lat' dir='ltr'>illustro</span> 
     </span>
     <span class='ocr_line' id='line_1_24' title="bbox 825 3576 2079 3701; baseline 0 -33"><span class='ocrx_word' id='word_1_152' title='bbox 825 3583 903 3668; x_wconf 82' lang='lat' dir='ltr'>alii</span> <span class='ocrx_word' id='word_1_153' title='bbox 919 3582 1073 3694; x_wconf 82' lang='lat' dir='ltr'>stirpes</span> <span class='ocrx_word' id='word_1_154' title='bbox 1086 3576 1185 3694; x_wconf 81' lang='lat' dir='ltr'>suas</span> <span class='ocrx_word' id='word_1_155' title='bbox 1209 3576 1504 3696; x_wconf 59' lang='lat' dir='ltr'>recenffuerant,</span> <span class='ocrx_word' id='word_1_156' title='bbox 1535 3593 1696 3698; x_wconf 81' lang='lat' dir='ltr'>partior</span> <span class='ocrx_word' id='word_1_157' title='bbox 1732 3610 1837 3701; x_wconf 81' lang='lat' dir='ltr'>quae</span> <span class='ocrx_word' id='word_1_158' title='bbox 1864 3617 1919 3676; x_wconf 80' lang='lat' dir='ltr'>en</span> <span class='ocrx_word' id='word_1_159' title='bbox 1936 3585 2079 3701; x_wconf 78' lang='lat' dir='ltr'>antiqui</span> 
     </span>
     <span class='ocr_line' id='line_1_25' title="bbox 777 3709 2078 3832; baseline 0.001 -37"><span class='ocrx_word' id='word_1_160' title='bbox 777 3815 779 3820; x_wconf 66' lang='lat'>,</span> <span class='ocrx_word' id='word_1_161' title='bbox 826 3735 902 3795; x_wconf 87' lang='lat' dir='ltr'>cao</span> <span class='ocrx_word' id='word_1_162' title='bbox 916 3709 1032 3795; x_wconf 84' lang='lat' dir='ltr'>ilenio</span> <span class='ocrx_word' id='word_1_163' title='bbox 1060 3710 1363 3826; x_wconf 80' lang='lat' dir='ltr'>rhythmisque,</span> <span class='ocrx_word' id='word_1_164' title='bbox 1391 3710 1660 3804; x_wconf 69' lang='lat' dir='ltr'>oblellationis</span> <span class='ocrx_word' id='word_1_165' title='bbox 1690 3711 1822 3831; x_wconf 77' lang='lat' dir='ltr'>cooffa</span> <span class='ocrx_word' id='word_1_166' title='bbox 1837 3713 2078 3832; x_wconf 80' lang='lat' dir='ltr'>quoodomle·</span> 
     </span>
    </p>
   </div>
   <div class='ocr_carea' id='block_1_3' title="bbox 671 3839 2078 3962">
    <p class='ocr_par' dir='ltr' id='par_1_3' title="bbox 671 3839 2078 3962">
     <span class='ocr_line' id='line_1_26' title="bbox 671 3839 2078 3962; baseline -0.001 -34"><span class='ocrx_word' id='word_1_167' title='bbox 671 3862 680 3871; x_wconf 83' lang='lat'><strong>·</strong></span> <span class='ocrx_word' id='word_1_168' title='bbox 707 3937 711 3946; x_wconf 46' lang='grc'><strong>,</strong></span> <span class='ocrx_word' id='word_1_169' title='bbox 820 3839 1026 3942; x_wconf 80' lang='lat' dir='ltr'>cantetis,</span> <span class='ocrx_word' id='word_1_170' title='bbox 1056 3841 1122 3927; x_wconf 80' lang='lat' dir='ltr'>ad</span> <span class='ocrx_word' id='word_1_171' title='bbox 1138 3843 1363 3926; x_wconf 85' lang='lat' dir='ltr'>memoriam</span> <span class='ocrx_word' id='word_1_172' title='bbox 1388 3845 1633 3955; x_wconf 70' lang='lat' dir='ltr'>posteritatis</span> <span class='ocrx_word' id='word_1_173' title='bbox 1649 3863 1939 3955; x_wconf 80' lang='lat' dir='ltr'>peruenerunt:</span> <span class='ocrx_word' id='word_1_174' title='bbox 1976 3870 2078 3962; x_wconf 82' lang='lat' dir='ltr'>quon·</span> 
     </span>
    </p>
   </div>
   <div class='ocr_carea' id='block_1_4' title="bbox 821 3967 2081 4088">
    <p class='ocr_par' dir='ltr' id='par_1_4' title="bbox 821 3967 2081 4088">
     <span class='ocr_line' id='line_1_27' title="bbox 821 3967 2081 4088; baseline -0.003 -33"><span class='ocrx_word' id='word_1_175' title='bbox 821 3969 888 4055; x_wconf 82' lang='lat' dir='ltr'>uis</span> <span class='ocrx_word' id='word_1_176' title='bbox 922 3981 1081 4077; x_wconf 84' lang='lat' dir='ltr'>autem,</span> <span class='ocrx_word' id='word_1_177' title='bbox 1123 3969 1289 4084; x_wconf 88' lang='lat' dir='ltr'>inquit,</span> <span class='ocrx_word' id='word_1_178' title='bbox 1322 3967 1485 4084; x_wconf 82' lang='lat' dir='ltr'>plenam</span> <span class='ocrx_word' id='word_1_179' title='bbox 1519 3969 1719 4062; x_wconf 72' lang='lat' dir='ltr'>harumce</span> <span class='ocrx_word' id='word_1_180' title='bbox 1750 3997 1894 4064; x_wconf 84' lang='lat' dir='ltr'>rerum</span> <span class='ocrx_word' id='word_1_181' title='bbox 1922 3971 2081 4088; x_wconf 56' lang='lat' dir='ltr'>nimrim</span> 
     </span>
    </p>
   </div>
   <div class='ocr_carea' id='block_1_5' title="bbox 827 4227 2087 4707">
    <p class='ocr_par' dir='ltr' id='par_1_5' title="bbox 827 4227 2087 4707">
     <span class='ocr_line' id='line_1_28' title="bbox 857 4227 2078 4256; baseline 0.002 -3"><span class='ocrx_word' id='word_1_182' title='bbox 857 4227 2078 4256; x_wconf 56' lang='lat' dir='ltr'>ww</span> 
     </span>
     <span class='ocr_line' id='line_1_29' title="bbox 924 4271 2083 4367; baseline 0.003 -22"><span class='ocrx_word' id='word_1_183' title='bbox 924 4283 982 4363; x_wconf 82' lang='grc'>(8)</span> <span class='ocrx_word' id='word_1_184' title='bbox 1003 4284 1076 4347; x_wconf 79' lang='lat' dir='ltr'>vide</span> <span class='ocrx_word' id='word_1_185' title='bbox 1096 4287 1257 4348; x_wconf 81' lang='lat' dir='ltr'>&#39;linormodi</span> <span class='ocrx_word' id='word_1_186' title='bbox 1279 4286 1393 4350; x_wconf 81' lang='lat' dir='ltr'>Torfnei</span> <span class='ocrx_word' id='word_1_187' title='bbox 1422 4287 1618 4367; x_wconf 79' lang='lat' dir='ltr'>prolegomene</span> <span class='ocrx_word' id='word_1_188' title='bbox 1644 4293 1676 4351; x_wconf 89' lang='lat' dir='ltr'>in</span> <span class='ocrx_word' id='word_1_189' title='bbox 1710 4291 1849 4352; x_wconf 87' lang='lat' dir='ltr'>hillorinm</span> <span class='ocrx_word' id='word_1_190' title='bbox 1879 4294 2048 4367; x_wconf 76' lang='lat' dir='ltr'>Nomrgienm</span> <span class='ocrx_word' id='word_1_191' title='bbox 2065 4271 2083 4344; x_wconf 70' lang='lat' dir='ltr'>tt</span> 
     </span>
     <span class='ocr_line' id='line_1_30' title="bbox 836 4363 2085 4454; baseline -0.002 -24"><span class='ocrx_word' id='word_1_192' title='bbox 836 4363 1030 4430; x_wconf 70' lang='lat' dir='ltr'>coedentem.</span> <span class='ocrx_word' id='word_1_193' title='bbox 1071 4367 1132 4452; x_wconf 63' lang='lat'>(9)</span> <span class='ocrx_word' id='word_1_194' title='bbox 1154 4370 1195 4430; x_wconf 77' lang='lat' dir='ltr'>A.</span> <span class='ocrx_word' id='word_1_195' title='bbox 1215 4365 1251 4434; x_wconf 83' lang='lat' dir='ltr'>C.</span> <span class='ocrx_word' id='word_1_196' title='bbox 1276 4387 1361 4450; x_wconf 78' lang='lat'>1117.</span> <span class='ocrx_word' id='word_1_197' title='bbox 1385 4372 1503 4430; x_wconf 76' lang='lat' dir='ltr'>Thomu</span> <span class='ocrx_word' id='word_1_198' title='bbox 1523 4371 1661 4434; x_wconf 77' lang='lat' dir='ltr'>Torfneue</span> <span class='ocrx_word' id='word_1_199' title='bbox 1682 4377 1712 4432; x_wconf 90' lang='lat' dir='ltr'>in</span> <span class='ocrx_word' id='word_1_200' title='bbox 1735 4373 1803 4434; x_wconf 87' lang='lat' dir='ltr'>serie</span> <span class='ocrx_word' id='word_1_201' title='bbox 1820 4395 1919 4454; x_wconf 77' lang='lat' dir='ltr'>regum</span> <span class='ocrx_word' id='word_1_202' title='bbox 1937 4373 2032 4448; x_wconf 65' lang='lat' dir='ltr'>Dione</span> <span class='ocrx_word' id='word_1_203' title='bbox 2045 4372 2085 4428; x_wconf 83' lang='lat' dir='ltr'>ln.</span> 
     </span>
     <span class='ocr_line' id='line_1_31' title="bbox 832 4449 2086 4534; baseline 0.005 -25"><span class='ocrx_word' id='word_1_204' title='bbox 832 4467 859 4514; x_wconf 83' lang='lat' dir='ltr'>e.</span> <span class='ocrx_word' id='word_1_205' title='bbox 879 4469 908 4527; x_wconf 83' lang='lat'>4.</span> <span class='ocrx_word' id='word_1_206' title='bbox 931 4449 1139 4528; x_wconf 84' lang='lat' dir='ltr'>Prolegomenis</span> <span class='ocrx_word' id='word_1_207' title='bbox 1158 4455 1294 4513; x_wconf 80' lang='lat' dir='ltr'>Historiae</span> <span class='ocrx_word' id='word_1_208' title='bbox 1304 4454 1479 4531; x_wconf 78' lang='lat' dir='ltr'>Nonnngiene</span> <span class='ocrx_word' id='word_1_209' title='bbox 1496 4471 1525 4532; x_wconf 86' lang='lat' dir='ltr'>p.</span> <span class='ocrx_word' id='word_1_210' title='bbox 1542 4474 1572 4531; x_wconf 82' lang='lat'>4,</span> <span class='ocrx_word' id='word_1_211' title='bbox 1584 4456 1748 4533; x_wconf 78' lang='lat' dir='ltr'>Amgrimue</span> <span class='ocrx_word' id='word_1_212' title='bbox 1763 4459 1846 4516; x_wconf 79' lang='lat' dir='ltr'>lones</span> <span class='ocrx_word' id='word_1_213' title='bbox 1863 4463 1895 4517; x_wconf 91' lang='lat' dir='ltr'>in</span> <span class='ocrx_word' id='word_1_214' title='bbox 1906 4457 2086 4534; x_wconf 68' lang='lat' dir='ltr'>cnynogaeo</span> 
     </span>
     <span class='ocr_line' id='line_1_32' title="bbox 827 4529 2087 4615; baseline 0.009 -24"><span class='ocrx_word' id='word_1_215' title='bbox 827 4529 983 4608; x_wconf 80' lang='lat' dir='ltr'>specimine</span> <span class='ocrx_word' id='word_1_216' title='bbox 1002 4533 1139 4594; x_wconf 79' lang='lat' dir='ltr'>telendico</span> <span class='ocrx_word' id='word_1_217' title='bbox 1178 4534 1296 4615; x_wconf 82' lang='lat' dir='ltr'>(10)ll.</span> <span class='ocrx_word' id='word_1_218' title='bbox 1310 4537 1345 4603; x_wconf 88' lang='lat' dir='ltr'>C.</span> <span class='ocrx_word' id='word_1_219' title='bbox 1366 4533 1562 4612; x_wconf 64' lang='lat' dir='ltr'>rue-coefum</span> <span class='ocrx_word' id='word_1_220' title='bbox 1604 4541 1721 4600; x_wconf 76' lang='lat' dir='ltr'>loannes</span> <span class='ocrx_word' id='word_1_221' title='bbox 1733 4535 2087 4615; x_wconf 74' lang='lat' dir='ltr'>Peningskioldusi’nefioio</span> 
     </span>
     <span class='ocr_line' id='line_1_33' title="bbox 833 4611 1894 4707; baseline 0.004 -23"><span class='ocrx_word' id='word_1_222' title='bbox 833 4611 1007 4686; x_wconf 74' lang='lat' dir='ltr'>Snououtu</span> <span class='ocrx_word' id='word_1_223' title='bbox 1025 4614 1208 4701; x_wconf 45' lang='grc' dir='ltr'>«βοήθει</span> <span class='ocrx_word' id='word_1_224' title='bbox 1228 4619 1250 4691; x_wconf 84' lang='lat' dir='ltr'>l.</span> <span class='ocrx_word' id='word_1_225' title='bbox 1269 4639 1296 4690; x_wconf 74' lang='lat' dir='ltr'>e</span> <span class='ocrx_word' id='word_1_226' title='bbox 1336 4620 1394 4705; x_wconf 85' lang='lat'>(1)</span> <span class='ocrx_word' id='word_1_227' title='bbox 1413 4620 1551 4688; x_wconf 71' lang='lat' dir='ltr'>rimone</span> <span class='ocrx_word' id='word_1_228' title='bbox 1567 4620 1741 4707; x_wconf 73' lang='lat' dir='ltr'>Neruogiere</span> <span class='ocrx_word' id='word_1_229' title='bbox 1757 4636 1853 4706; x_wconf 69' lang='lat' dir='ltr'>nup·</span> <span class='ocrx_word' id='word_1_230' title='bbox 1864 4641 1894 4690; x_wconf 76' lang='grc' dir='ltr'>ι.</span> 
     </span>
    </p>
   </div>
   <div class='ocr_carea' id='block_1_6' title="bbox 0 0 2234 6017">
    <p class='ocr_par' dir='ltr' id='par_1_6' title="bbox 0 0 2234 6017">
     <span class='ocr_line' id='line_1_34' title="bbox 0 0 2234 6017; baseline 0 1"><span class='ocrx_word' id='word_1_231' title='bbox 0 0 2234 6017; x_wconf 95' lang='lat' dir='ltr'> </span> 
     </span>
    </p>
   </div>
  </div>
 </body>
</html>
