4459 6017
152 535 249 646 ua
281 522 621 640 tautctaus
658 527 748 708 er
777 525 1424 648 Foettsctctt01t11.2ot

49 793 63 820 “
155 755 255 894 ces,
292 784 465 872 inferne
501 779 621 868 folia.
687 779 797 872 illae
830 783 959 894 super
990 779 1231 894 sessionem
1267 813 1432 900 repen-

108 991 110 996 .
154 938 224 1004 tes
260 940 375 1004 most
410 915 656 1000 interram
693 915 935 1000 reclinatae
968 908 1085 1004 sunt:
1120 919 1245 1004 Haec
1270 918 1345 1006 ubi
1371 919 1437 1006 se.
1567 927 1603 958 “

155 1049 355 1138 sii-ouem
392 1044 732 1160 perrepserant‚
769 1043 1144 1174 sursumsnflexa.
1186 1172 1189 1174 ‚

278 1295 317 1396 s.
362 1328 435 1390 10.
474 1303 581 1392 Erat
618 1303 739 1389 inter
774 1301 902 1389 hasce
941 1299 1110 1390 radices
1144 1302 1313 1414 aliqua,
1361 1329 1436 1391 cu·
1542 1321 1545 1327 ’

155 1433 224 1524 ius
259 1452 421 1524 uertex
460 1459 484 1516 a
516 1433 738 1538 vermibus
773 1459 871 1521 non.
902 1431 1437 1524 nihilerosuserat':·eam

153 1567 328 1654 iuuerse
365 1561 490 1673 posui
523 1559 630 1646 ficut
662 1580 857 1668 ceteras,
894 1559 951 1646 fic
986 1581 1140 1647 tamen
1174 1583 1225 1650 st
1265 1588 1322 1650 ex
1348 1588 1437 1672 op·
1530 1565 1548 1652 .’

154 1693 307 1807 posita
333 1705 472 1802 'parte
509 1713 534 1772 e
572 1711 693 1776 terra
728 1693 964 1778 emineret.
1033 1689 1189 1780 Nullas
1222 1691 1329 1778 haec
1366 1717 1438 1777 ra·.

157 1825 339 1910 dicese
385 1820 602 1932 superiori
647 1821 840 1908 sectione
885 1817 1128 1932 protrusit,
1159 1823 1231 1908 sed
1268 1848 1326 1909 ex
1371 1823 1439 1906 in·

153 1952 317 2042 seriori
354 1946 462 2035 folia
501 1973 666 2060 magno
704 1975 907 2038 numero.
978 1951 1210 2040 Eaautem
1240 1977 1321 2066 per
1343 1955 1437 2065 pla·

154 2106 267 2172 num
304 2079 506 2168 sectionis
540 2082 751 2191 repentia
780 2082 1002 2165 intrarunt
1039 2082 1085 2168 iu
1120 2075 1293 2193 specus,
1331 2107 1438 2166 ver·

152 2211 300 2300 mium
338 2208 607 2315 habitacula,
642 2232 686 2295 et
724 2233 843 2298 trans
881 2208 1017 2320 ipsam
1055 2213 1249 2304 radicem
1278 2212 1439 2305 sursum

155 2345 294 2428 enixa
329 2339 440 2426 sunt,
505 2337 737 2427 Miseratus
769 2363 926 2426 eorum
963 2341 1130 2425 sortem
1153 2343 1349 2453 separaui
1371 2365 1442 2438 ra·¹

155 2472 309 2558 dicem
346 2470 396 2554 in
434 2467 534 2556 duas
574 2487 746 2580 partes,
784 2488 830 2556 et
867 2469 1015 2568 denuo
1051 2488 1200 2554 terrae
1240 2465 1443 2557 commiss

155 2601 327 2688 eodem
365 2597 458 2684 fitu.
529 2598 634 2686 Vidi
655 2623 844 2713 pergere
865 2598 999 2706 solia,
1040 2621 1085 2688 et
1105 2599 1222 2684 intra
1249 2627 1328 2708 13.
1352 2599 1447 2708 dies

104 2732 288 2846 ‚supra
324 2748 490 2816 terram
530 2753 776 2842 emergere.
1040 2831 1045 2840 1
1430 2806 1440 2820 ,
1487 2803 1491 2809 ,

283 2848 323 2950 §-
364 2888 440 2944 11.
479 2857 586 2944 Vidi
621 2881 668 2942 et
704 2859 818 2946 aliud
864 2856 1166 2978 segmentum,
1216 2857 1337 2970 quod
1385 2882 1444 2948 ex

149 3005 349 3098 vtraque
402 3008 530 3098 parte
575 2986 811 3073 tuberculis
852 2990 1135 3101 conspicuum
1192 3007 1303 3075 erat.
1390 2987 1446 3077 ld

149 3117 342 3206 inuerso
377 3115 457 3202 sstu
493 3137 641 3203 terrae
675 3115 902 3225 commiss,
941 3118 997 3204 stc
1031 3135 1211 3224 tamen,
1249 3116 1444 3211 utemi-

151 3265 297 3336 netet
334 3269 454 3358 pars,
490 3271 600 3360 quae
639 3247 747 3334 olim
782 3243 934 3334 infima
968 3273 1083 3334 nunc
1119 3247 1288 3335 summa
1331 3261 1446 3334 erat.

151 3377 272 3464 Vidi
309 3377 502 3463 crescere
537 3377 679 3463 indies
714 3375 964 3484 tubercula,
997 3378 1084 3463 sed
1129 3403 1223 3463 nott
1268 3371 1446 3464 dissilire
1486 3469 1491 3478 .

149 3533 244 3624 per
277 3540 323 3617 4·
362 3507 681 3593 hebdomades.
723 3506 915 3604 ⁴Donec
961 3507 1143 3593 tandem
1185 3530 1243 3593 ex
1286 3530 1447 3593 eorum

152 3635 312 3747 aliquo
349 3639 550 3752 prodiret
588 3636 781 3722 radicula
816 3640 893 3722 vix
927 3634 1088 3724 lineam
1125 3637 1311 3749 aequans
1345 3633 1450 3722 lon·

148 3767 386 3880 gitudine:
423 3767 493 3853 cui
529 3765 608 3853 etsi
646 3765 1151 3880 postmodumattendi‚
1188 3764 1450 3854 nullumacae

149 3894 329 3984 cedere
354 3893 680 3984 incrementum
705 3897 944 3984 obseruaui.
994 3898 1099 3984 *Post
1120 3894 1231 3981 aiios
1257 3925 1334 4005 13.
1357 3893 1449 3982 dies

151 4053 226 4113 ex
250 4051 342 4111 vno
364 4025 693 4114 tuberculorum
716 4029 849 4114 etiam
860 4018 1048 4138 surculus
1080 4027 1275 4140 prodiit,
1315 4048 1449 4138 quem

149 4158 346 4244 incauta
402 4179 554 4241 manus
610 4159 815 4284 abrupit,
852 4159 924 4244 sed
963 4183 1085 4244 nouo
1115 4156 1332 4242 foecunda
1352 4180 1449 4240 ma·

151 4307 242 4374 ter
278 4305 432 4372 natura
453 4286 679 4399 suppleuit.
744 4289 876 4374 Huius
895 4289 1069 4398 quidem
1089 4288 1246 4375 radicis
1266 4290 1451 4375 iconem
1550 4343 1555 4349 -

148 4417 473 4530 spedatorum
509 4415 645 4504 oculis
681 4413 951 4504 imitabunda
987 4437 1168 4511 natutae
1200 4417 1344 4506 tabula
1372 4439 1453 4503 ex·

148 4549 294 4637 hibet
332 4547 490 4636 nostra.
610 4550 617 4560 “

150 4673 384 4774 TomV.
680 4785 683 4792 Ι
781 4674 869 4768 Dd
1069 4623 1082 4668 χ
1283 4601 1454 4801 scta.
