4459 6017
762 587 863 671 392
1175 531 1367 644 FASTI
1395 545 1666 644 AOEAICI.

865 795 969 884 ·v1.
1005 793 1142 880 Primi
1176 821 1236 900 ex
1271 793 1461 880 Achaeis
1498 789 1694 900 Dymaei
1733 811 1838 872 cum
1874 787 2061 875 Patren·

766 923 901 1028 sibus,
939 923 1258 1006 Tritnccnsrbns
1293 943 1338 1003 et
1374 917 1698 1006 Pharaeenlihus
1732 921 1778 1000 in
1802 915 2061 1004 libertatem

765 1074 817 1134 et
853 1074 1096 1132 commune
1139 1049 1381 1132 concilium
1435 1050 1748 1156 conspirarunt
1787 1047 2058 1156 Olympiade

767 1179 986 1268 cxxlv.
1011 1201 1059 1260 vt
1077 1178 1286 1286 Polybius
1304 1177 1505 1262 testatum
1526 1172 1716 1284 reliquit.
1785 1175 2052 1282 ProtarchuS,

765 1310 843 1418 qui
874 1316 944 1390 lua
976 1331 1037 1389 ex
1071 1307 1203 1390 Arati
1236 1305 1436 1416 Sicyonii
1474 1306 1691 1413 praetorii
1717 1302 2058 1390 viticommcn-

765 1438 890 1517 ratiis
919 1437 1121 1542 accepit,
1152 1456 1313 1516 annum
1350 1433 1492 1514 edidit
1525 1432 1724 1535 nullum,
1754 1451 1928 1516 tantum
1957 1459 2057 1520 curn

615 1547 643 1636 .’
765 1562 925 1670 Pyrrhi
942 1565 989 1642 in
1009 1563 1163 1646 laliam
1181 1562 1477 1669 expeditione
1498 1581 1672 1644 motum
1699 1560 1858 1669 populi
1872 1562 2060 1648 Achaici

767 1681 1009 1776 conncciit.
1072 1689 1301 1776 Nimirum
1343 1687 1529 1799 Pyrrhus
1579 1713 1649 1771 res
1693 1689 1886 1795 primum
1932 1689 2058 1797 geffit

763 1842 868 1901 cum
903 1821 948 1902 P.
981 1817 1182 1902 Laeuino
1217 1819 1326 1906 Cos.
1353 1819 1407 1901 A.
1432 1815 1488 1898 V.
1508 1814 1563 1903 C.
1589 1836 1705 1920 474.
1739 1815 1811 1898 scd
1830 1821 2062 1928 magistra-

764 1963 864 2029 tum
900 1947 1061 2029 inierat
1097 1945 1194 2029 Kal.
1231 1943 1497 2062 Quintilibus
1529 1945 1587 2028 Α.
1608 1945 1650 2028 P.
1662 1942 1698 2027 1.
1719 1972 1868 2056 4433.
1886 1967 1936 2030 vt
1957 1967 2060 2032 tom

766 2073 890 2157 ‘soille
925 2092 1212 2182 compertum
1240 2073 1473 2174 habemus,
1496 2075 1566 2176 (6)
1602 2073 1749 2180 itaque
1784 2073 2063 2186 Olympiadis

767 2203 984 2290 CXXIV.
1008 2232 1054 2306 4.
1073 2201 1227 2307 paullo
1258 2221 1359 2284 ante
1377 2202 1510 2282 inito.
1573 2199 1747 2284 Bellum
1763 2200 2051 2286 Tarentinum

743 2311 891 2411 'anno
924 2349 1030 2411 ante
1063 2325 1215 2434 Pyrrhi
1240 2327 1580 2435 expeditionem
1601 2327 1780 2436 coepit,
1815 2327 2054 2414 tellcPan·

767 2457 886 2540 fania
910 2456 957 2536 in
983 2455 1168 2539 Atticis:
1189 2460 1256 2560 (7)
1290 2445 1415 2554 nilne
1442 2447 1489 2540 di
1519 2451 1587 2562 rii
1618 2446 1816 2568 nrpdlcpuv
1838 2451 1914 2569 inq
1933 2449 2065 2570 ‘inpie

765 2572 1198 2697 Popniasovuequ'pcq
1242 2577 1476 2696 πόλεμος,
1520 2603 1568 2664 ut
1599 2585 1879 2671 Casaubonus
1925 2587 2056 2670 docie

770 2714 1025 2796 emendauit
1046 2714 1090 2794 in
1123 2714 1457 2796 commentario
1483 2709 1741 2822 Polybiuno.
1770 2717 1843 2818 (8)
1904 2713 2054 2800 Canlla

765 2839 904 2944 helii,
942 2862 993 2926 rt
1035 2865 1097 2924 eat
1136 2839 1343 2950 Dionysii
1386 2841 1612 2948 excerptis
1642 2841 1844 2943 constat,
1882 2843 1933 2930 C.
1968 2843 2047 2924 Fa-

769 2968 939 3072 bricio,
970 2971 1023 3086 Q.
1054 2969 1257 3055 Aemilio
1275 2967 1398 3058 cors.
1433 2970 1605 3080 probro
1638 2971 1755 3076 apud
1788 2971 2053 3054 Tarentinos

773 3095 950 3182 adsedis
984 3100 1144 3203 legatis
1163 3099 1391 3186 Romanis.
1454 3099 1582 3182 Inter
1602 3121 1681 3196 eos
1701 3097 1823 3184 con.
1847 3121 1892 3182 et
1913 3101 2057 3186 P.Va-

772 3220 931 3308 lerium
963 3225 1208 3308 Laeuinum
1240 3250 1374 3310 annus
1407 3225 1645 3344 intertelht
1687 3249 1820 3328 unus,
1876 3253 1966 3337 quo
2008 3229 2057 3314 1.

770 3351 1006 3455 Aemilius,
1045 3355 1099 3468 Q.
1127 3353 1317 3440 Marcius
1344 3355 1464 3442 Coll'.
1502 3353 1665 3439 bellum
1685 3377 1786 3436 cum
1807 3357 2060 3440 Tarentinis

771 3505 835 3566 ex
871 3501 986 3566 uoto
1021 3480 1258 3588 gefferunt.
1321 3483 2059 3570 TumreroTarentinihelloim·

776 3633 929 3718 pates,
964 3613 1022 3696 Α.
1036 3611 1092 3693 V.
1119 3611 1174 3698 C.
1208 3634 1322 3718 473.
1352 3629 1564 3698 extremo
1577 3665 1588 3712 ,
1637 3609 1848 3720 Pyrrhum
1887 3613 2058 3698 auxilio

773 3751 1019 3838 uocarunt,
1058 3738 1177 3847 isque
1195 3763 1297 3821 curu
1316 3737 1467 3843 dalle,
1507 3767 1562 3826 nc
1590 3741 1846 3846 exspectato
1876 3744 2056 3853 quidem

775 4124 1103 4240 AP.1.4434
1178 4121 1232 4206 Id
1254 4123 1438 4230 amplius
1459 4123 1753 4208 stabiliendum
1774 4127 1907 4212 duco.
1974 4133 2057 4216 Po·

771 4248 915 4358 lybius
934 4253 1004 4356 (9)
1031 4253 1266 4338 Romanos
1304 4277 1401 4336 cum
1440 4251 1577 4341 Gallis
1604 4279 1760 4364 pacem
1792 4255 1943 4342 fecill'e
1965 4259 2058 4343 scri-

2002 4389 2061 4470 hit

767 4654 790 4700 υ
811 4637 899 4718 ndu
921 4634 1063 4696 R0m²ai⁵
1083 4634 1190 4716 rel&
1233 4637 1293 4720 (a)
1310 4659 1340 4718 a·
1363 4641 1414 4704 ⁸⁸·
1444 4641 1512 4732 (⁸)
1535 4661 1565 4729 a:
1588 4643 1654 4704 rra
1691 4643 1755 4724 (a)
1777 4661 1813 4724 n·
1839 4663 1910 4727 151·

776 3887 905 3969 uere,
941 3885 991 3949 st
1026 3861 1226 3950 Zonaras
1261 3894 1289 3950 e
1331 3867 1556 3976 Dionysio
1603 3869 1758 3970 docet,
1800 3872 1843 3953 in
1880 3873 2056 3978 Italiam
2208 3847 2209 3906 Ψ

775 3992 1018 4106 profectus:
1051 4019 1165 4102 ergo
1189 3998 1241 4078 Α.
1267 3995 1325 4077 V.
1347 3996 1399 4082 C.
1419 4022 1537 4104 474.
1556 3995 1688 4104 Olym
1697 4025 1739 4105 p.
1760 3997 1981 4086 CXXIV.
2010 4044 2056 4118 4.
2208 4051 2209 4074 ι
