4459 6017
722 546 829 674 ’,ιο
1145 527 1334 630 alsat
1362 524 1621 634 atnam
1698 620 1750 636 ,,
1804 669 1809 680 ¹

731 800 884 896 tusque
921 777 1168 870 Cleomeni·
1202 779 1259 862 eil
1296 771 1627 860 Aristomachus
1664 787 1874 880 praetor..
1939 775 2030 860 Ha·

729 913 806 998 bes
845 915 1055 997 ordinem·
1097 934 1242 992 rerum
1289 903 1443 1009 illum,
1493 923 1540 986 ut
1583 925 1673 984 non
1709 905 1885 1004 modo,
1937 929 2031 1012 quo

731 1065 852 1127 anno
891 1037 1221 1132 Aristomachus
1272 1057 1458 1143 praetor
1504 1033 1661 1134 suerit,
1722 1029 2030 1143 intelligatur,

730 1171 806 1256 fed
845 1192 978 1253 etiam
1017 1189 1064 1250 vt
1106 1174 1270 1251 Aratua
1322 1183 1425 1244 ante
1478 1161 1866 1263 Aristomachum,
1921 1185 2026 1246 ante

662 1397 666 1404 ,
728 1301 918 1388 Aratum
938 1295 1139 1406 Lysiades
1162 1291 1447 1376 collocandus
1468 1287 1534 1372 stt.
1604 1291 1684 1375 Hic
1713 1289 1913 1399 Lysiades
1935 1312 2028 1374 tres

729 1449 960 1540 praeturas
996 1420 1132 1534 geffit.
1202 1423 1446 1514 Autlorem
1484 1415 1626 1501 liabeo
1648 1417 2028 1527 Plutarchumsn)

731 1557 821 1648 Sed
857 1554 965 1639 haec
1010 1575 1244 1660 ceteraque
1279 1574 1387 1660 quae
1425 1548 1542 1630 inter
1577 1549 1805 1630 secundam
1842 1567 1888 1629 et
1912 1553 2023 1632 duo·

602 1719 609 1729 ·
650 1714 652 1717 ·
732 1685 951 1770 decimam
989 1683 1117 1766 Arati
1155 1699 1404 1791 praeturam
1436 1676 1743 1784 intetceffern,
1780 1680 2034 1764 accuratius

734 1813 1028 1926 expendenda
1066 1812 1201 1894 duent

853 2073 934 2161 Vl.
984 2069 1244 2160 Demetrius
1281 2093 1362 2154 rex
1404 2063 1721 2172 Macedoniae,
1777 2093 1873 2182 qun·
1902 2093 2031 2158 auno

733 2197 987 2313 Philippum
1026 2200 1165 2282 filium
1215 2198 1395 2300 orbum,
1444 2201 1723 2306 Antigonum
1768 2221 1908 2286 autem
1947 2225 2013 2284 tu

733 2348 891 2414 torem·
924 2327 1178 2436 reliquerit,
1213 2325 1416 2434 Polybius
1456 2324 1672 2428 declarat,
1707 2327 2024 2437 subipsumin.

731 2483 861 2567 quam
899 2477 1074 2565 tempus
1111 2455 1412 2564 expeditionis
1459 2458 1770 2542 Romanorum
1818 2461 1861 2540 in
1911 2457 2019 2569 Illy-

729 2588 836 2670 rios.
902 2583 1168 2672 Demetrius·
1196 2583 1451 2694 Illyriorum
1475 2609 1626 2690 negem
1654 2587 1879 2692 Agronem
1902 2611 2020 2670 con»

732 2715 912 2816 citauit,
950 2717 1021 2824 qui
1058 2713 1262 2820 suscepto
1300 2711 1418 2796 bello
1464 2711 1576 2795 haud
1617 2713 1745 2796 dubie
1775 2715 1973 2822 superiot
1998 2772 2027 2820 ,

734 2845 867 2927 nimis
902 2844 1040 2928 laetus
1079 2841 1400 2944 casalinum,
1441 2839 1639 2924 mortem
1688 2840 2016 2928 commessatio·-

734 2972 856 3056 nibus
893 2971 1183 3074 accelerauit,
1221 2971 1370 3058 relista
1407 2973 1451 3053 in
1486 2995 1636 3077 regnu
1674 2998 1817 3058 uxore
1857 2973 2033 3058 Teuta..

733 3101 876 3184 Teuta
916 3109 1125 3208 proxima
1161 3100 1320 3184 aestate
1357 3123 1490 3182 nouas
1530 3103 1680 3206 copias
1719 3103 1760 3184 in
1785 3099 2024 3190 Graeciam

734 3226 942 3329 immisit,
983 3255 1071 3340 qun
1115 3251 1335 3337 tempore·
1373 3253 1469 3312 cum
1527 3228 1693 3314 Achaei
1740 3230 2029 3318 submisissent

733 3357 913 3444 Aetolis
949 3342 1109 3444 auxilia
1146 3361 1334 3460 naualia,
1374 3355 1478 3466 pulsi
1513 3357 1571 3440 ab·
1597 3359 1779 3468 Illyriis,
1822 3361 2027 3448 Marcum

736 3487 1065 3596 Carynenstm,
1110 3490 1181 3598 qui
1219 3489 1460 3571 exercitum
1506 3489 1725 3593 ductabat,
1769 3491 2021 3577 amiserunt

737 3613 987 3702 sabmersus
1026 3619 1151 3698 enim·
1186 3615 1242 3698 est
1282 3641 1378 3696 tum
1415 3641 1533 3697 naue.
1565 3622 1638 3720 (7.)
1702 3619 1866 3702 Eadem
1892 3622 2026 3706 aesta·

737 3764 784 3824 te
823 3742 907 3828 Cn.
943 3763 987 3824 et
1023 3746 1073 3832 L.
1106 3741 1560 3852 Coruncanius-legati
1599 3751 1790 3834 [inmani
1820 3747 1886 3840 ‚de
1913 3752 2029 3833 iniu-

736 3872 811 3956 riis
833 3874 1156 3981 expostulatam
1181 3899 1343 3956 uenere
1366 3877 1416 3956 ad
1436 3875 1634 3960 Teutam.
1702 3877 1775 3978 Hi,
1800 3877 1903 3958 dum
1930 3883 2033 3964 red-

738 4023 868 4103 tunt,
910 4003 1467 4108 summissapercuuoribus
1496 4007 1746 4086 caeduntur.
1816 4007 1880 4090 Ea
1912 4011 2033 4094 caus·

734 4133 782 4211 sa·
832 4153 948 4212 anno
990 4132 1088 4238 post
1156 4130 1240 4216 Cn.
1280 4132 1449 4216 Fuluius
1488 4132 1777 4216 Centumalus
1809 4135 2041 4226 L..Pnslu·

739 4257 854 4344 mins
889 4257 1071 4340 Albinus
1108 4257 1226 4344 Coss.
1264 4285 1359 4340 cum
1401 4262 1594 4343 exercitu
1635 4263 1824 4368 profem
1851 4269 1896 4347 in
1926 4271 2036 4382 llly-

736 4383 901 4486 ritum,
935 4409 1030 4468 vno*
1046 4410 1171 4470 anno·
1185 4386 1345 4474 bellum
1369 4389 1679 4504 confutarunt.-
1740 4393 1871 4478 Obiit
1903 4398 2047 4510 igitur

1999 4559 2042 4616 e.
