4459 6017
293 616 389 723 on
420 616 947 753 arpennorum
976 622 1320 723 turturem
1402 618 1465 745 σς·
1506 542 1512 547 ’

181 865 260 956 nih
295 870 394 981 post
430 870 1005 957 multorum'terminorum
1040 872 1464 991 confidentionem,

181 1021 334 1085 tomen
371 1003 417 1083 in
453 999 611 1084 casibus
648 1000 977 1109 particularibus
1016 1005 1078 1083 ee'
1103 1003 1230 1111 saepe
1268 1001 1466 1092 fitunldi

183 1130 325 1217 obuia.
393 1128 464 1217 Sic
499 1156 542 1215 v.
563 1154 629 1241 gr.
665 1154 762 1211 cum
803 1130 1026 1213 adsumitur
1070 1134 1276 1242 aequatio
1361 1136 1368 1150 '

282 1253 1151 1381 ‘yzx-t-pxx-t-{ff-r-hm-t-foi-t-
1186 1285 1276 1348 etc.

177 1384 289 1475 haec
325 1388 606 1473 conuertitur
640 1410 745 1504 ope
768 1389 1041 1497 aequationis
1076 1388 1157 1493 (B)
1193 1392 1237 1473 in
1274 1392 1385 1477 hanc

296 1510 1255 1653 ezr-dyy‘rhff-dss-i-tderi-etg·

171 1644 296 1759 ⁸cuius
333 1641 646 1757 progreffionis
681 1643 756 1728 lex
799 1643 1050 1751 inspicienti
1092 1646 1229 1726 cuiuis
1267 1670 1468 1758 apparet.

175 1790 304 1875 Prior
340 1790 474 1873 docet
505 1785 563 1869 'nd
601 1785 694 1869 dnti
730 1789 900 1870 numeri
933 1770 1032 1901 723
1068 1786 1470 1899 logatithmum‘y)

179 1920 418 2027 accedere,
455 1912 596 2005 altera
630 1912 686 2041 ad
719 1914 814 1999 dati
839 1916 1110 2025 dogunthmi
1141 1922 1161 2023 <
1162 1926 1216 2027 y)
1237 1941 1469 2008 nnmerum

226 2050 237 2097 1
1176 2083 1182 2090 .

183 2102 295 2181 ιῗξ·

172 2318 203 2359 ”
299 2312 341 2417 h.
380 2354 426 2435 4.
489 2319 765 2433 Exemplum
818 2316 943 2405 huius
999 2324 1061 2407 rei
1094 2320 1204 2407 'cum
1242 2323 1352 2411 mihi
1389 2324 1500 2411 nli-1

172 2457 356 2569 quondo
397 2474 675 2558 occurreret,
732 2448 853 2537 volui
887 2450 1357 2560 periculum‘sncere,
1415 2482 1470 2540 un

178 2584 354 2695 aliquod
391 2582 471 2666 hac
508 2584 554 2667 in
605 2602 736 2691 purte
788 2580 997 2665 auxilium
1051 2580 1270 2692 praestare
1325 2587 1469 2695 poffet

182 2710 423 2815 methodus
481 2708 557 2796 illa
606 2706 863 2819 singularis,
922 2734 1050 2818 quom
1106 2710 1153 2791 in
1206 2714 1469 2799 comment.

179 2846 222 2929 Τ
228 2868 319 2930 om.
355 2872 397 2951 3.
438 2840 614 2950 exhibui
639 2866 737 2947 pro
776 2836 1053 2919 inueniendis
1083 2838 1298 2921 radicibus
1317 2865 1473 2951 aequa·

176 2950 359 3057 'tionum
399 2952 738 3075 algehraicurum
776 2958 1061 3073 cuius'tunque
1095 2965 1297 3071 ordinis,
1343 2947 1472 3080 idque
1558 2991 1566 3001 ·

180 3099 275 3185 sola
311 3097 608 3183 terminorum
647 3093 877 3177 additione
913 3090 986 3175 uel
1020 3086 1312 3180 subtradione
1359 3124 1472 3183 con·

166 3232 328 3333 minua,
366 3225 616 3336 quodcum
666 3240 908 3323 tentarem,
949 3218 1041 3306 uidi
1063 3218 1183 3307 istam
1205 3222 1471 3311 methodum

176 3344 375 3444 ¹minime
412 3378 494 3438 nos
531 3348 722 3440 deficere
766 3350 1130 3459 appropinquare
1176 3355 1381 3438 uolentes
1418 3354 1473 3440 ad

186 3488 378 3571 radicem
416 3482 695 3592 aequationis.
719 3476 807 3563 fine
846 3478 932 3563 fine
967 3478 1296 3591 progredientis
1316 3536 1329 3585 ,
1369 3485 1472 3568 dutn

188 3616 329 3702 modo
367 3635 488 3695 certa
525 3612 700 3697 ratione
737 3628 934 3691 utamur:
969 3612 1012 3689 in
1051 3633 1107 3691 eo
1152 3632 1299 3695 nutem
1338 3612 1474 3728 cardo

185 3748 259 3853 r'ei
286 3744 509 3845 uertitur,
550 3760 598 3823 ut
635 3740 797 3843 series,
834 3760 942 3847 quae
976 3732 1180 3849 adleget
1226 3732 1472 3825 loco’citn·

188 3890 240 3957 to
278 3868 494 3957 exhibitos
528 3857 761 3955 formanda
795 3865 856 3951 est
895 3886 980 3975 pro
1019 3871 1475 3979 normanequntionis

189 3999 464 4113 propositae,
501 4022 695 4110 quaeque
734 3994 888 4106 incipit
928 4018 949 4079 a
991 4013 1063 4079 tot
1104 4000 1329 4081 terminis·
1362 4000 1472 4083 arbi·-

187 4134 358 4234 trntiis,
395 4149 504 4240 quot
541 4124 837 4211 dimensiones
874 4123 1005 4207 habet·
1042 4125 1196 4207 erdem
1237 4128 1470 4237 aequatio,

171 4258 261 4343 -hic
296 4262 494 4366 incipere
532 4254 723 4364 fingatur
759 4256 808 4338 ub
843 4251 1327 4362 infinitisnullionibus,
1364 4280 1477 4370 quos

191 4412 351 4473 omnes
387 4385 582 4499 excipiat
617 4387 773 4469 unitas.

194 4672 315 4769 Turn.
356 4673 413 4767 V.
806 4670 835 4765 1
1356 4664 1394 4763 ⁵.
1431 4698 1474 4782 ς.
