4459 6017
606 418 611 428 ¹
726 565 728 570 ι
797 527 896 616 20a
916 509 1008 614 on
1042 424 1384 650 aanrcrnrs
1406 488 1495 651 rr
1524 489 1741 604 rosus
1771 491 2069 602 crcrroau

905 753 960 858 '§.
1000 785 1078 874 30.
1127 752 1324 848 Iucunda
1344 749 1469 840 ·haec
1505 749 1625 863 suot,
1671 751 1745 838 sed
1781 749 1953 863 fateor,
2004 775 2075 838 me

795 888 984 984 haerere
1021 895 1078 978 ob
1104 893 1200 976 'risa
1240 884 1385 970 nostra
1421 875 1460 976 9.
1485 912 1533 992 9.
1571 911 1628 972 an
1663 885 1802 970 etiam
1839 882 1912 968 lric
1936 905 2075 994 rapo·

800 1027 917 1112 ribus
951 1020 1058 1108 solia
1096 1015 1505 1123 nutriricontigit,
1541 1035 1589 1098 et
1624 1010 1838 1100 radiculas
1887 1011 2078 1100 crassiori

734 1221 737 1224 -
800 1155 956 1268 succ03
992 1177 1089 1236 cum
1128 1149 1201 1234 illn
1239 1144 1478 1256 prodirent
1499 1142 1685 1247 infimo,
1721 1139 1805 1228 hae
1825 1141 1999 1230 summo
2017 1147 2077 1228 se·

800 1284 977 1404 gmenti
1011 1267 1153 1363 locos
1189 1299 1331 1389 neque
1379 1276 1587 1385 punctum
1634 1270 1860 1359 diuifionis
1898 1269 1973 1356 hic
2006 1275 2078 1359 lo·

801 1437 902 1495 cum
941 1409 1120 1510 habuit,
1156 1405 1276 1488 circa
1310 1404 1431 1512 quod
1466 1424 1674 1514 tanquam
1708 1423 1860 1490 motus
1887 1400 1950 1485 sui
1980 1426 2078 1486 cen·

802 1561 921 1626 trum
956 1543 1002 1624 in
1036 1534 1284 1620 contrarias
1321 1535 1468 1644 plagas
1505 1534 1753 1618 niterentur
1770 1551 1846 1616 aut
1875 1533 2077 1616 reuolue·

804 1691 959 1758 rentur
996 1685 1144 1776 partes
1182 1662 1400 1748 subtiliori
1430 1681 1502 1746 aut
1523 1659 1718 1747 crassiori
1736 1659 1862 1746 succo
1881 1663 2078 1748 nutrien·
2186 1614 2188 1741 l

805 1801 902 1884 dae.
978 1791 1184 1882 Fortassis
1234 1791 1372 1876 etiam
1429 1789 1519 1876 hoc
1570 1789 1679 1876 utile
1737 1785 1883 1876 suerit
1933 1811 2077 1878 atten-

808 1929 939 2032 dere,
979 1925 1009 2008 st
1046 1920 1314 2009 surculorum
1335 1921 1522 2008 diredlio
1543 1917 1700 2006 sursum
1721 1919 1918 2024 enitens,
1945 1925 2077 2008 etiam

804 2057 854 2142 in
891 2055 987 2167 ipso
1024 2059 1150 2158 a'e‘re,
1189 2075 1213 2134 a
1251 2053 1343 2135 nisu
1377 2074 1600 2161 raporum
1643 2051 1816 2153 oritur,
1862 2050 2077 2135 necessum

806 2189 890 2270 erit
927 2185 1084 2268 nutriri
1119 2181 1312 2266 surculos
1338 2179 1599 2294 vaporibus,
1639 2180 1713 2289 qui
1732 2183 1880 2265 a'e'rem
1902 2181 2080 2282 leuitate

806 2317 1014 2424 superent
1053 2307 1280 2422 specificn·‚
1318 2334 1507 2419 namque
1542 2309 1574 2394 ii
1609 2308 1690 2393 soli
1706 2293 1861 2394 sursum
1897 2313 2080 2398 tendunt

806 2445 860 2547 in,
893 2446 1008 2529 a'e’re.
1073 2441 1126 2529 Id
1163 2453 1312 2524 autem
1352 2461 1408 2530 au
1443 2436 1572 2523 facile
1608 2437 1854 2549 admiseris,
1889 2440 2052 2526 nescio.

871 2709 881 2728 '
931 2689 971 2793 §.
992 2727 1071 2810 31.
1107 2695 1321 2817 Quicquid
1341 2695 1433 2784 aliis
1449 2696 1676 2807 rideatur,
1714 2695 1822 2784 mihi
1838 2693 2083 2814 Astraciaaa

811 2845 919 2946 prne
960 2831 1149 2917 caeteris
1188 2826 1416 2939 expositio
1452 2827 1613 2942 placet.
1647 2861 1650 2867 ¹
1680 2825 1790 2913 Vult
1837 2843 1888 2913 ιι
1919 2829 2083 2917 succum

741 3061 746 3070 ,
812 2961 1047 3050 nutritium
1085 2957 1191 3042 ferri
1230 2959 1276 3041 in
1310 2955 1457 3043 fistulis
1491 2956 1723 3048 secundum
1756 2955 2082 3070 longitudinem

812 3091 1021 3204 plautae,
1069 3087 1280 3174 extensis:
1328 3115 1372 3172 2.
1418 3086 1574 3175 fistulas
1607 3088 1802 3176 invicem
1838 3090 2088 3176 communi·

812 3243 914 3326 rare
950 3216 1023 3305 uel
1064 3219 1348 3324 immediate,
1383 3219 1457 3306 rel
1495 3242 1585 3330 ope
1620 3216 1963 3322 canaliculorum
2006 3219 2085 3306 ho·

812 3350 1097 3440 rizontalium
1136 3372 1194 3434 ex
1229 3344 1421 3433 medulla
1461 3350 1807 3457 egredientium,
1851 3372 1982 3434 more
2020 3377 2083 3437 ra·

814 3483 991 3568 diorum
1028 3475 1200 3564 circuli:
1241 3507 1287 3584 3.
1324 3476 1518 3562 intubis
1555 3480 1608 3564 ad
1628 3477 1917 3566 horizontem
1945 3477 2084 3589 paral·

812 3609 912 3696 lelis
948 3603 1022 3695 uel
1058 3604 1277 3692 inclinatis
1313 3603 1443 3691 fluido
1462 3610 1682 3718 grauitate
1701 3610 1745 3693 in
1766 3607 1959 3720 parietes
1978 3606 2085 3696 fillu-

815 3737 957 3826 larum
979 3734 1240 3839 inferiores,
1278 3756 1322 3821 et
1354 3760 1620 3850 nequaquam
1644 3741 1688 3827 in
1709 3738 1979 3849 superiores:
2015 3739 2086 3850 igi·

819 3887 892 3953 tur
929 3897 977 3974 4.
1017 3866 1197 3976 succum¹
1225 3865 1455 3951 nutritium
1496 3870 1687 3980 proprio
1710 3867 1914 3980 pondere
1934 3871 2085 3956 cadere

818 3999 865 4084 in
901 3991 1056 4080 fistulas
1092 3997 1269 4106 plautae
1303 3993 1560 4102 inferiores,
1597 3997 1847 4112 ibidemque
1866 3996 2022 4110 colligi
2048 3999 2087 4084 iu

820 4128 953 4237 copia
992 4124 1179 4228 maiori,
1216 4149 1345 4236 quum
1373 4127 1418 4210 in
1437 4126 1750 4237 superioribus:
1774 4129 1903 4215 'vnde
1944 4155 1987 4236 5.
2025 4149 2089 4214 tu·

818 4252 907 4340 buli
943 4251 1008 4336 isli
1048 4248 1234 4365 amplius
1273 4257 1593 4361 extendantur,
1632 4277 1677 4344 et
1716 4259 1818 4369 pori
1837 4254 1946 4344 fiant
1967 4285 2092 4369 aper·

822 4385 985 4469 tiores:
1023 4387 1069 4463 6.
1100 4383 1269 4468 succum
1302 4385 1347 4470 in
1383 4406 1462 4469 eos
1488 4387 1649 4473 maiori
1672 4388 1804 4500 copia
1834 4409 2092 4498 penetrare,

819 4509 868 4603 et
906 4509 1168 4600 inferiorem
1204 4510 1384 4628 plantae
1405 4534 1582 4631 partem
1602 4517 1797 4606 crescere
1818 4515 1992 4606 fortius.
2027 4519 2096 4610 Ex

2039 4672 2097 4736 eo
