4459 6017
498 526 903 631 intrarant.
1289 471 1429 646 413

111 778 255 863 uasere
295 772 529 860 Messenios
562 800 684 860 anno
713 773 1018 879 Achaitoas.
1057 793 1154 854 cum
1172 771 1397 858 Timoxe·
1439 839 1442 842 -

115 933 191 988 nus
226 929 429 1015 praetura
463 907 661 986 nondum
701 899 889 1005 abiisset,
918 908 1006 1006 (ς)
1057 902 1215 984 Aratus
1252 924 1399 990 autem

115 1061 270 1143 prator
302 1031 412 1115 esset
447 1031 702 1139 designatus.
768 1032 838 1117 Eo
875 1033 1036 1114 lentius
1057 1051 1300 1138 peragente
1323 1055 1400 1115 ne·

113 1169 317 1271 gotium,
350 1167 513 1246 Aratus
545 1163 734 1269 quinque
773 1159 920 1244 diebos
960 1159 1210 1265 anticipato
1258 1159 1398 1268 magi·

111 1296 242 1376 stratu
282 1292 483 1371 mandata
523 1291 642 1371 dedit
682 1290 734 1370 ad
767 1289 993 1390 ciuitates,
1030 1308 1079 1368 vt
1125 1285 1399 1394 Megalopo-

112 1421 174 1500 lin
219 1423 540 1518 conuenirent,
586 1421 660 1526 qui
708 1441 829 1499 arma
879 1413 1054 1524 possent
1091 1411 1220 1498 ferre.
1288 1413 1399 1498 Inde

113 1550 237 1633 duxit
274 1552 319 1628 in
362 1547 558 1632 Aetolos
594 1568 640 1629 et
686 1545 809 1629 clade
858 1546 1051 1626 maxima
1096 1544 1151 1625 ad
1191 1541 1400 1652 Caphyas

108 1679 168 1758 est
204 1675 406 1760 adsessos.
445 1786 448 1789 Ι
482 1675 645 1761 Aetoli·
681 1672 869 1765 vislerio
915 1671 999 1775 vsr,
1039 1669 1313 1755 Pellenenses
1350 1687 1398 1755 et

107 1804 341 1914 Sicyonios
373 1829 505 1912 agros
540 1803 766 1912 populati,
803 1827 883 1912 pet
918 1800 1128 1888 lslhmum
1167 1798 1396 1885 discessere

115 1937 327 2036 domum,
362 1933 481 2040 quod
521 1935 651 2016 aestas
698 1935 847 2043 vtique
886 1950 1094 2040 vergeret
1135 1948 1180 2012 et
1233 1927 1399 2038 Philip·

101 2088 205 2172 pum
241 2062 478 2146 aduentare
516 2059 630 2142 sama
653 2061 774 2146 esset.
811 2059 1034 2170 Philippus
1054 2057 1268 2148 Corinthi
1288 2083 1401 2142 con·

101 2192 296 2298 gregatis
330 2188 481 2291 sociis,
515 2189 677 2272 bellum
715 2190 759 2272 in
795 2187 988 2273 Aetolos
1025 2188 1252 2290 decernit„
1275 2184 1398 2296 quod

111 2343 171 2401 ex
205 2341 265 2398 eo
297 2318 458 2430 sociale
493 2315 675 2400 dissum.
741 2319 887 2420 Paucis
907 2315 1006 2420 post
1027 2314 1175 2398 diebus
1197 2317 1398 2400 solemne

102 2445 343 2528 concilium
389 2440 670 2525 Achaeorum
718 2443 957 2544 conuenit,
1007 2443 1054 2522 in
1097 2468 1187 2552 quo
1233 2447 1398 2528 Aratus

100 2574 309 2656 omnibus
347 2571 520 2678 probris
541 2573 849 2682 sententiisque
886 2568 1135 2679 proscissus,
1172 2567 1393 2680 populum

100 2705 296 2785 dicendo
333 2723 378 2784 et
418 2704 859 2783 commemoratione
899 2724 1045 2780 rerum
1089 2695 1258 2782 suarum
1300 2695 1395 2806 pla-

104 2831 239 2912 cauit.
306 2829 357 2912 ld
396 2830 631 2909 concilium
657 2829 934 2937 Olympiadis
964 2819 1230 2918 (XXXJX.
1252 2857 1298 2934 4.
1319 2826 1396 2910 ha·

95 2957 244 3040 bitum
283 2955 397 3038 suisse
436 2957 591 3038 diserte
629 2960 764 3039 tradit
786 2957 1103 3068 Polybius‚(6)
1140 2959 1392 3067 srcinquam

95 3110 151 3168 vt
191 3092 384 3194 terge-rit
407 3086 450 3166 in
470 3085 784 3194 Olympiadem
804 3087 944 3175 CXL.
1009 3087 1197 3174 Interim
1230 3091 1393 3173 Aratus

96 3243 127 3299 e
166 3217 350 3298 decreto
386 3214 567 3296 concilii
601 3215 745 3299 socios
781 3215 825 3301 in
863 3215 983 3302 ar'ma
1015 3219 1239 3321 concitat,
1262 3239 1393 3299 exet·

96 3344 240 3425 citum
289 3345 543 3446 conscribit,
595 3344 756 3428 bellum
807 3367 946 3456 parat.
998 3345 1222 3455 ‘Polybius
1274 3339 1390 3426 illius

94 3477 205 3554 anni
244 3495 397 3554 notam
433 3497 608 3583 quoque
647 3475 833 3578 iudicat,
872 3471 992 3585 quod
1026 3493 1121 3556 tum
1164 3471 1394 3581 Saguntini

95 3601 155 3682 ab
189 3599 430 3684 Hannibale
466 3605 595 3711 petiti
632 3602 904 3708 suerint,(7)
939 3602 1009 3685 sed
1045 3605 1107 3685 ita
1147 3603 1309 3704 tradit,
1340 3617 1391 3686 vt

92 3753 312 3836 appareat
353 3756 450 3814 eum
498 3757 564 3814 res
612 3730 997 3840 Carthaginienses
1043 3733 1391 3814 accommodare

90 3861 155 3938 ad
193 3858 424 3942 Achaicae.
493 3858 685 3944 Primum
726 3862 842 3943 enim
881 3861 1016 3944 refert
1044 3865 1231 3947 Aratum
1260 3857 1392 3946 Arati

91 3985 239 4069 filium
266 3991 376 4092 parri
397 3985 680 4070 successorem
704 3993 875 4093 datum,
897 3996 966 4096 (8)
1000 4015 1057 4074 eo
1089 4012 1233 4073 autem
1260 4011 1390 4098 prae·

92 4115 514 4219 tore-Saguntinos
569 4117 740 4223 petiisse
795 4119 1099 4202 Hannibalem.
1176 4115 1390 4225 saguntus

92 4245 357 4349 oppugnari
395 4248 547 4351 coepit
594 4243 656 4329 Μ.
705 4246 854 4345 Liuio,
894 4248 941 4330 L.
966 4247 1166 4332 Aemilio
1197 4246 1315 4335 Coss.
1340 4267 1389 4332 vt

95 4371 308 4478 Polybius
345 4373 574 4481 Liuiusque
613 4377 856 4456 memoriae
892 4375 1388 4483 prodiderunt.Horum

338 4524 342 4531 ’
671 4499 788 4586 Hhh
829 4530 854 4584 a
1273 4529 1384 4586 cun·

62 4612 751 4723 'ffi'QJi-iffissfazyatuspffl.
774 4641 944 4723 <⁶>nas÷
968 4641 1026 4722 (t)
1035 4660 1064 4722 t·
1077 4657 1228 4721 ⁴1³·42s·
1242 4645 1395 4730 <br-aar
