4459 6017
735 502 836 632 με
1159 484 1347 594 uasat
1375 439 1630 600 sonaret

742 742 883 832 occisa
903 763 1070 848 uxore,
1109 764 1329 832 uenenum
1343 736 1545 826 hausisse:
1584 731 1848 822 Mummium
1874 733 1946 820 die
1969 737 2063 846 post

573 863 577 868 ’
739 897 934 988 pugnam
963 875 1015 958 ad
1042 869 1311 962 Corinthum
1344 868 1538 970 adfuisse,
1575 865 1800 975 portisque
1833 870 1999 976 apertis
2022 871 2060 952 in

608 1035 613 1042 ’
742 1003 908 1088 summa
931 1002 1289 1112 perturbatione,
1331 1023 1420 1079 non
1444 998 1584 1081 ausum
1614 997 1811 1104 ingredi,
1848 997 1968 1109 quod
1997 999 2059 1080 in·

743 1130 868 1218 srdias
890 1151 1132 1215 metueret:
1170 1127 1309 1211 tertio
1333 1128 1401 1208 die
1425 1129 1465 1208 ui
1489 1120 1713 1233 cepissent
1739 1124 1975 1208 incendisse
1996 1151 2058 1208 rr·

743 1260 861 1344 bem.
898 1256 1075 1344 Plinius:
1095 1262 1164 1362 (2)
1203 1265 1325 1368 capta
1342 1255 1395 1370 est
1413 1250 1664 1366 olympianus
1683 1247 1848 1336 CLVI.
1867 1277 1970 1336 anno
1989 1269 2062 1338 trr-

744 1391 834 1490 tio;
866 1387 1020 1500 trusere
1037 1387 1158 1471 urbis
1176 1381 1304 1471 lacot
1320 1413 1338 1466 1
1354 1411 1393 1466 1.
1470 1383 1552 1476 Hic
1574 1405 1706 1464 annus
1723 1383 1840 1466 vrbis
1860 1387 2064 1467 conditae

748 1541 832 1602 nos
852 1517 1092 1618 admonet,
1140 1515 1452 1623 Olympiadem
1488 1509 1689 1599 CLVIII.
1718 1511 1922 1622 scriptam
1954 1511 2064 1595 fuisse

756 1669 779 1728 a
801 1644 956 1730 Plinio.
1026 1643 1340 1752 Olympionica
1364 1638 1573 1748 Scaligeri
1592 1640 1645 1722 ad
1667 1637 1847 1750 Olymp.
1869 1641 2065 1727 CLVlIl.

752 1800 798 1878 ³·
839 1762 940 1858 aulul
973 1761 1043 1858 τὸν
1065 1763 1188 1858 asilu
1215 1765 1374 1885 templu,
1411 1755 1466 1870 ἅς
1495 1794 1580 1854 τισι
1604 1761 1731 1872 δοκεῖ,
1761 1765 1958 1883 Κόρινθος
1976 1761 2069 1852 sall

753 1897 952 2014 Mappalia
977 1889 1251 2007 καἹεσκάΦη,
1289 1919 1335 1980 et
1374 1921 1492 1982 anno
1523 1919 1699 2010 quartu,
1729 1899 1998 2008 triumphum
2018 1899 2060 1982 L.

755 2027 966 2118 Mummii
988 2031 1044 2109 de
1063 2027 1249 2144 Achaeis
1268 2047 1312 2110 et
1341 2027 1590 2116 Corinthiis
1611 2049 1796 2137 ponunt.
1841 2025 2061 2116 SicVelle·

753 2159 821 2242 ius
855 2155 1190 2261 Patercuiussa)
1227 2156 1386 2239 eodem
1434 2180 1552 2238 anno
1589 2173 1633 2240 et
1675 2153 1976 2266 Carthaginem
2019 2172 2064 2234 et

724 2347 732 2356 .
757 2283 1029 2372 Corinthum
1050 2285 1237 2366 excisam
1260 2284 1403 2364 scribit
1425 2283 1507 2370 Cn.
1530 2283 1740 2385 Lentulo,
1779 2286 1829 2370 L.
1850 2283 2061 2368 lllummio

758 2411 886 2498 coss.
957 2411 1027 2494 Ad
1045 2411 1226 2522 Olymp.
1263 2407 1398 2498 CLX.
1421 2435 1519 2494 cum
1554 2412 1692 2496 stadio
1720 2411 1824 2498 uicit
1847 2411 2064 2500 Diodorus

757 2535 1013 2648 Sicyonius,
1056 2565 1215 2623 annum
1240 2541 1459 2647 primum,
1499 2537 1720 2626 Antitheo
1743 2539 1977 2640 archonte,
2002 2564 2065 2620 ea·

690 2768 694 2775 .
758 2668 860 2754 dem
883 2664 1235 2776 Olympionicon
1260 2668 1479 2780 synagoge
1516 2660 1744 2771 saisiatae
1769 2661 1975 2786 Μέμμιος
2000 2660 2066 2752 alr

756 2787 956 2908 Κόρινθον
980 2791 1185 2892 καθεῖλεν.
1253 2795 1304 2883 ld
1335 2793 1560 2906 qualest,
1603 2799 1822 2884 Pausanias
1862 2798 2060 2896 declarat,

759 2927 836 3030 (4)
868 2947 967 3004 cum
990 2926 1153 3008 eodem
1192 2947 1336 3027 anno,
1377 2923 1537 3006 eodem
1561 2922 1797 3032 archonte,
1836 2952 1890 3010 ne
1922 2925 2063 3010 lindio·

761 3053 860 3136 nica
880 3051 1054 3160 quidem
1077 3051 1164 3136 alio
1201 3052 1439 3163 adscripsit:
1477 3048 1496 3140 ὁ
1528 3044 1575 3149 δὲ
1598 3047 1810 3170 πόλεμος
1845 3043 2067 3169 laeandrus

764 3169 898 3278 τέλος.
966 3175 1106 3286 Igitur
1128 3205 1149 3262 e
1170 3181 1365 3265 Pausania
1386 3179 1472 3264 hoc
1493 3179 1671 3268 inseruit
1694 3183 1899 3294 Scaliger.
1966 3185 2065 3270 Nam

662 3360 666 3368 ·
766 3306 908 3390 excisa
929 3307 1182 3424 Corintho,
1207 3309 1350 3396 clades
1371 3309 1471 3394 belli
1494 3311 1627 3393 etiam
1651 3313 1749 3396 alias
1771 3315 1897 3396 urbes
1919 3311 2064 3394 absum·

766 3433 819 3521 fit
845 3455 888 3516 et
908 3431 1029 3519 sorte
1056 3436 1237 3547 Olymp.
1262 3436 1417 3535 CLXI.
1451 3439 1614 3549 primus
1648 3466 1830 3548 praetor
1857 3444 2067 3528 Romanus

765 3563 994 3676 milsusest
1026 3566 1068 3650 iu
1097 3564 1320 3654 Achaiam.
1392 3567 1440 3654 L.
1483 3567 1720 3656 Mummius
1762 3573 1866 3660 Cos.
1909 3571 2065 3680 quidem

773 3693 1005 3774 omuem‘e
1024 3695 1271 3778 ciuitatibus
1294 3696 1554 3803 popularem
1577 3695 1731 3780 statum
1753 3698 1934 3797 sustulit,
1970 3722 2068 3780 rem·

765 3845 850 3932 que
874 3820 1086 3926 publicam
1108 3822 1289 3943 tradidit
1312 3821 1802 3932 optimatibus,concilia
1825 3825 2067 3938 quoquesrn·

768 3946 968 4062 gularum
1000 3949 1168 4033 urbium
1209 3951 1423 4040 dissoluit:
1462 3976 1552 4034 non
1600 3952 1747 4036 multis
1785 3977 1935 4038 tamen
1968 3956 2070 4036 annis

771 4077 897 4186 poll,
935 4078 1130 4181 Romani
1150 4078 1209 4162 sui
1236 4081 1387 4190 cuique
1427 4081 1549 4188 genti
1580 4083 1777 4198 conciliat
1795 4085 2071 4167 restituerunt.

772 4205 895 4292 Haec
916 4227 1014 4286 cum
1033 4209 1409 4292 commemorauit
1428 4207 1668 4314 Pausanias,
1704 4203 1890 4325 lycum
1925 4204 1972 4298 δὲ
2004 4208 2070 4308 ἔτι,

774 4331 939 4442 inquit,
979 4332 1008 4446 g
1031 4331 1071 4436 ἐς
1089 4323 1166 4450 ἐμὲ
1189 4329 1465 4438 άπεςέλλετο.
1532 4337 1788 4422 Praetorem
1819 4341 1926 4426 dicit
1947 4339 2072 4425 Aelu-

776 4463 871 4561 iae,
897 4455 1116 4544 cui'eriam
1136 4459 1321 4582 Graecia
1344 4465 1548 4575 parebat,
1567 4491 1674 4576 quae
1691 4469 2075 4577 quondamAchae-

619 4639 624 4649 ·
778 4613 829 4670 os
852 4585 1059 4670 habuerat
1090 4591 1368 4705 principes(
1448 4614 1456 4647 ³
1993 4595 2079 4684 OB.
