4459 6017
776 493 897 582 240-
1039 441 1042 448 ⁵
1177 447 1350 552 'DE
1386 446 1586 553 NOTIS

775 711 994 800 costarum
1019 701 1118 792 talis
1140 699 1223 788 est:
1259 695 1402 790 Prima
1421 700 1480 787 est
1506 687 1750 790 breniffima
1764 754 1777 807 ,
1812 685 1977 810 sat'iffltnr
1990 727 2028 798 et

775 845 994 930 curuitate
1030 836 1223 946 gaudent
1261 841 1481 937 maxima,
1528 854 1624 918 tum
1662 858 1772 944 quae
1807 831 2026 946 sequuntur,

780 969 956 1084 semper
994 966 1218 1077 posterior
1258 967 1411 1072 priore
1448 964 1641 1048 maiorem
1669 981 2027 1087 curuatutaeatqa-

776 1099 856 1190 lttm
893 1093 1169 1202 habet,'s1ue
1208 1093 1261 1176 ad
1301 1095 1611 1182 rectitudinem
1651 1091 1857 1196 inclinat,
1894 1096 1966 1199 itt,
1992 1117 2028 1182 ut

781 1234 938 1320 ultima
994 1225 1326 1336 propemodum
1385 1249 1521 1335 aeque
1564 1222 1742 1332 quidem
1814 1223 1948 1310 breuis
1994 1253 2029 1311 ae

780 1362 948 1475 prima,
987 1355 1057 1440 sed
1081 1357 1250 1457 tenuis,
1283 1377 1329 1437 et
1350 1377 1519 1437 tantum
1543 1377 1635 1435 non
1656 1353 1774 1441 reeta
1793 1350 1858 1436 srt.
1877 1353 1900 1496 q
1917 1353 2030 1442 Dein·

783 1495 838 1578 te
877 1517 900 1575 a
938 1487 1080 1600 prima
1119 1486 1172 1568 ad
1209 1483 1406 1594 quintam
1444 1480 1683 1592 longitudo
1724 1481 1894 1593 semper
1913 1475 2032 1600 cresciq

781 1622 934 1734 quinta
973 1636 1018 1699 et
1054 1612 1175 1703 sexta
1211 1611 1466 1727 pie-rumque
1502 1608 1732 1726 aequaliter
1751 1616 1927 1724 longae,
1955 1617 2033 1697 ase·

782 1771 862 1840 xta
898 1749 953 1833 ad
998 1745 1308 1830 duodecimam
1356 1741 1596 1856 longitudo
1641 1744 1802 1828 iterum
1847 1744 2034 1850 minuitur3

782 1902 894 1994 quae
931 1877 1046 1978 duo,
1082 1887 1324 1964 curuatura-
1347 1875 1550 1958 nimirum
1599 1891 1644 1956 et
1679 1870 1905 1985 largitudo,
1941 1873 2035 1956 finni

784 2007 1059 2096 considerata
1104 2007 1156 2092 ab
1193 2027 1349 2092 errore
1388 2001 1486 2092 satie
1518 2003 1748 2090 cauebant.
1817 2003 1890 2094 Est
1917 2023 2041 2087 tamen·

784 2139 868 2230 alia
905 2136 1118 2250 quaedam
1157 2155 1289 2239 nota,
1329 2157 1437 2244 quae
1470 2133 1523 2220 ab
1564 2133 1830 2220 extremitate
1857 2132 2038 2247 pqierioti

786 2267 953 2354 desumi
986 2262 1148 2380 potest.
1216 2260 1299 2348 Illa
1338 2265 1483 2373 enim,
1523 2263 1842 2376 quateuuasub
1872 2261 2037 2350 terminis

788 2397 1151 2486 articulationum
1189 2393 1386 2480 binarum
1415 2415 1515 2479 curn
1544 2412 1743 2506 corpote
1762 2396 2038 2482 uertebrarum

788 2547 835 2620 et
874 2527 1026 2614 harum
1072 2525 1274 2636 processu
1319 2523 1591 2631 transuerso,
1639 2527 2037 2637 comprehenditur,

553 2673 667 2744 'timu
707 2675 763 2743 tx
787 2657 832 2746 in
853 2679 1043 2771 quatuor
1063 2653 1358 2766 superioribus
1376 2654 1530 2762 costis,
1567 2657 1735 2760 tenuis,
1771 2671 1881 2742 teres
1900 2655 2042 2764 etiope

575 2763 737 2846 εἰμ’·
787 2789 875 2895 est,
913 2810 956 2873 at
994 2793 1035 2872 in
1065 2785 1392 2870 succedentibus
1427 2787 1600 2894 semper
1642 2813 1728 2897 pro
1770 2789 1946 2872 ratione
1986 2809 2042 2868 or·

563 3077 583 3124 l

789 2921 901 3006 dinis
938 2912 1136 3020 crassior,
1172 2914 1292 3006 latiur·
1328 2939 1376 3001 ac
1394 2914 1558 3002 breuior·
1578 2918 1737 3001 euadit.
1807 2922 1954 3028 Atque
1979 2915 2060 2998 hae.

789 3049 964 3160 quidem
1006 3046 1333 3130 obseruationes
1370 3047 1415 3126 in
1452 3045 1604 3129 decem
1630 3047 1786 3130 mediis
1822 3050 1949 3134 costis
1976 3069 2041 3155 pu·

790 3175 995 3262 tissimum
1033 3176 1184 3259 locum
1224 3173 1400 3259 habent.
1467 3175 1628 3266 Costae
1666 3197 1812 3264 autem
1853 3179 1986 3291 prima
2010 3190 2046 3258 et

790 3306 949 3392 ultima
985 3304 1195 3418 tantisper
1216 3304 1495 3413 seponendae
1516 3306 1636 3409 sunt,
1678 3309 1822 3392 donec
1858 3313 2046 3396 innotue-

780 3441 874 3539 ¹rit,
913 3459 1126 3546 quaenam
1166 3433 1375 3540 collectio
1411 3441 1463 3517 ad
1499 3435 1587 3518 hoc
1620 3435 1692 3520 nel
1711 3437 1815 3520 iliud
1839 3438 1948 3526 latus
1967 3461 2047 3548 per,

790 3567 958 3674 tineat3
983 3563 1024 3650 id
1044 3567 1161 3676 quod
1181 3567 1375 3678 sequenti
1397 3567 1539 3676 modo
1561 3567 1875 3675 expiscaberis:
1916 3587 2049 3652 omues

788 3695 950 3802 viginti
989 3715 1061 3777 aut
1099 3696 1352 3782 octodecim
1388 3701 1517 3798 (nam
1556 3711 1601 3779 et
1631 3696 1673 3778 in
1702 3699 1936 3784 undecima
1961 3695 2052 3780 huet

791 3846 901 3909 nota
932 3849 1261 3936 nonnumquam
1301 3823 1480 3927 deficit)
1516 3825 1578 3908 ita
1613 3849 1766 3909 coram
1788 3849 1835 3910 te
1864 3847 2051 3938 reponas,

787 3973 839 4038 vt
876 3957 1184 4039 extremitates
1224 3955 1494 4062 posteriores
1530 3956 1739 4040 dexterae
1777 3978 1905 4060 tuae,
1945 3977 2052 4039 ante·

788 4081 1120 4168 riores'autem
1156 4081 1372 4184 sinistrae,
1420 4103 1465 4167 et
1499 4085 1674 4194 quidem
1721 4086 1893 4205 atterstm
1939 4085 2051 4187 sitae,

788 4211 1109 4320 respondeant:
1146 4215 1330 4322 quaein
1368 4214 1454 4297 hoc
1492 4214 1571 4297 situ
1610 4212 1756 4298 iocum
1795 4217 2053 4302 articulatio·

794 4343 860 4429 nis
898 4365 994 4423 cum
1040 4341 1237 4448 processu
1275 4344 1504 4428 uertebrae
1549 4353 1798 4428 transuerso
1839 4339 2053 4459 cortspucirt·

788 4465 883 4560 dum
923 4470 1162 4580 praebent,
1196 4475 1252 4559 ad
1284 4473 1405 4561 latus
1426 4473 1638 4560 dexterum
1668 4478 1929 4592 pertinent3
1962 4496 2057 4585 qnae
2154 4462 2155 4473 '

1862 4628 1872 4634 '⁴
1960 4627 2058 4693 uero
