4459 6017
780 589 879 680 ψ,
1129 476 1132 483 ⁴
1257 541 1350 642 oa
1382 531 1578 642 uorrr

775 823 961 890 coneum
999 792 1112 910 qual
1147 799 1397 878 excreatum
1441 789 1642 896 ridetur,
1686 811 1783 875 cem
1834 787 1879 875 io
1919 786 2057 877 latere

774 929 996 1045 oppoliro
1034 921 1320 1036 aequabiliter
1354 920 1606 1043 tuberosum
1641 918 1734 1030 lit3·
1765 918 1841 1004 ista
1875 944 2056 1006 excrut-

775 1065 847 1150 tio
882 1062 1056 1172 semper
1083 1057 1140 1160 jn
1170 1053 1365 1141 interiore
1398 1069 1527 1164 parte
1554 1050 1679 1165 pedis
1695 1049 1828 1136 debet
1849 1049 1935 1137 elle
1954 1051 2060 1136 coo·

775 1191 938 1286 stituta.
1012 1183 1258 1278 Obseruato
1296 1183 1430 1298 igitur
1451 1180 1647 1294 respectu
1668 1179 1947 1294 proceffuum
1966 1206 2058 1267 cae·

775 1341 1008 1422 temtum,
1052 1307 1301 1404 filateralis
1336 1311 1558 1424 procell'us
1592 1311 1727 1398 tibia
1768 1308 1944 1398 finistris
1980 1310 2056 1420 est,

776 1452 1033 1540 calcaneum
1070 1445 1127 1530 ad
1148 1443 1311 1555 pedem
1332 1441 1569 1536 dexterum
1591 1440 1818 1581 pertinet,
1854 1440 1930 1527 fia
1957 1441 2056 1530 dex

776 1583 881 1688 tris,
921 1579 975 1664 ad
1011 1574 1242 1660 sinistrum.

898 1703 1140 1822 Astragalar
1172 1706 1246 1788 seu
1278 1698 1414 1808 telas,
1451 1704 1666 1794 iunourrs
1698 1717 1888 1811 quatuor
1935 1700 2059 1788 habet

779 1863 888 1954 proc
922 1837 1097 1950 reliquis
1135 1835 1372 1922 notandas.
1406 1849 1532 1948 capot
1572 1831 1784 1922 anteriora
1825 1831 2060 1944 prospicit,
2185 1864 2186 1955 j

778 1971 978 2057 iuoc'lura
1013 1988 1209 2050 concaua
1244 1958 1418 2076 irffcrior
1449 1962 1636 2050 calcaneo
1680 1961 1967 2072 immittitur3
1994 1953 2058 2072 su·

772 2101 912 2217 perior
946 2118 1148 2181 conuexa
1181 2089 1526 2207 quadrangularis
1561 2095 1713 2182 tibiam
1756 2088 1958 2201 sustinet3
2006 2091 2062 2178 Ir-

662 2301 665 2308 ,
778 2227 929 2315 taralis
964 2220 1229 2334 triamolaris
1267 2221 1442 2309 fibulam
1482 2227 1656 2337 recipit.
1722 2219 1840 2309 Cum
1875 2221 2061 2310 veroli·

779 2356 929 2444 bula
916 2383 962 2440 m
999 2375 1192 2441 externo
1230 2354 1355 2462 pedis
1388 2354 1528 2440 latere
1564 2353 1707 2469 pofita
1744 2349 1820 2462 fit,
1854 2351 1957 2438 hioc
1995 2352 2061 2437 illa

780 2488 977 2577 iunctura
1021 2480 1302 2592 triangularis
1354 2481 1557 2570 limiliter
1595 2479 1807 2576 exteriora
1849 2507 2060 2594 occupare

778 2615 987 2726 debet3
974 2640 1018 2698 m
1056 2613 1269 2698 dextro
1258 2611 1392 2724 igitur
1426 2615 1543 2728 pede
1579 2639 1605 2701 ι
1641 2614 1835 2719 dextris,
1879 2617 1927 2700 io
1968 2613 2057 2702 liri·

780 2749 872 2836 stro
909 2771 931 2830 ι
971 2743 1146 2828 sinistris
1185 2742 1285 2828 erit·

901 2935 1009 3038 offis
1034 2927 1266 3052 scaphoidr's
1287 2936 1463 3048 ‘margo
1500 2936 1700 3048 superior
1726 2959 1854 3052 atque
1875 2936 2059 3026 interior

780 3071 939 3155 craffus
978 3067 1060 3176 cll,
1097 3090 1143 3156 et
1182 3063 1426 3184 apophysm
1471 3091 1674 3184 magnam
1715 3068 1948 3156 lateralem
1992 3068 2058 3157 hr-

777 3199 886 3308 ‘bet‘3
922 3220 1029 3312 quae
1068 3197 1246 3308 quidem
1283 3194 1476 3321 apophrsts
1511 3197 1540 3284 sr
1578 3201 1736 3288 ceteris
1780 3202 1866 3286 rite
1909 3197 2060 3307 pofitit

782 3330 953 3417 interius
991 3345 1203 3437 apparet,
1240 3329 1415 3418 ruinam
1455 3330 1561 3448 pedi
1597 3355 1649 3416 os
1691 3330 2061 3420 annumerandum

783 3459 863 3565 fit,
906 3457 1003 3544 satia
1039 3479 1184 3572 patet.

903 3646 1223 3738 Offistuboidis
1259 3651 1453 3738 iunctura
1492 3651 1738 3764 posterior,
1775 3679 1857 3768 qua
1894 3655 1948 3741 ad
1981 3657 2062 3740 cal·
2173 3757 2180 3771 ἱ

784 3804 972 3866 coaeum
1011 3782 1284 3892 apponitur,
1323 3781 1478 3867 faciem
1514 3782 1608 3868 fere
1644 3783 1758 3899 plani
1809 3787 2063 3874 semicirculi
2154 3771 2179 3860 ἱ·

785 3909 944 4014 habet,
982 3914 1100 3997 cuiue
1137 3931 1259 3997 arcus
1292 3911 1522 3998 exteriora
1543 3933 1747 4026 occupat.
1811 3915 1967 4031 Neque
1988 3917 2063 4002 mi·
2135 4027 2142 4044 ι

786 4067 862 4127 uus
907 4043 1103 4128 iunctura
1139 4041 1365 4156 auterior,
1405 4067 1513 4152 quae
1548 4069 1646 4130 cum
1670 4045 1909 4133 metatarso
1932 4072 2063 4157 copu-

736 4281 744 4298 ·
785 4167 928 4275 latur,
966 4171 1018 4251 ad
1054 4173 1297 4257 iuncturam
1328 4170 1625 4295 posteriorem
1653 4171 1897 4280 inclinatur,
1932 4174 2065 4292 argalo

707 4395 713 4404 ,
787 4233 991 4386 limili’ter
1025 4292 1256 4413 extrorfirm
1274 4305 1570 4412 produlto,
1558 4331 1604 4390 ro
1636 4304 1802 4390 dextro
1825 4307 1940 4416 pede
1962 4309 2064 4392 der·

787 4427 1056 4530 trorsum,
1044 4457 1088 4516 ιιι
1123 4429 1295 4518 finillro
1330 4431 1627 4519 sinistrorsum.
1696 4435 1840 4520 Facies
1870 4436 2066 4546 superior

647 4600 651 4610 ·
778 4554 907 4687 plana
942 4557 1027 4668 est,
1063 4559 1250 4656 inferior
1284 4582 1434 4654 autem
1462 4554 1617 4685 sinuosa
1652 4585 1699 4650 et
1734 4565 2038 4679 protuberans.

2009 4695 2067 4784 Or
