4459 6017
664 531 675 550 ’
773 625 872 708 314
1175 567 1666 678 concursiones

677 923 693 946 ,
773 824 1004 942 cah-irat,
1043 821 1325 924 decreuerunt,
1345 833 1412 923 ut
1444 807 1735 904 Mithridates
1773 803 1975 921 Scythiae
2011 839 2085 900 rc·

763 959 883 1072 gibus
910 951 1009 1064 suas
1046 953 1225 1062 regiones
1257 947 1499 1058 restitucrct.
1569 943 1801 1053 Ilieuero
1821 946 1952 1030 nihili
1975 943 2088 1029 fecit

781 1089 821 1177 S.
846 1088 897 1174 C.
923 1085 1177 1170 Romanum
1213 1097 1258 1160 et
1296 1075 1508 1158 societate
1542 1095 1641 1154 eum
1691 1072 1889 1175 Parthis,
1933 1075 2085 1160 Medis

782 1238 828 1298 et
863 1213 1053 1318 Tigrane
1092 1213 1299 1292 Armeno
1334 1204 1464 1300 Inita,
1524 1202 1659 1284 etiam
1697 1191 1923 1302 nassau
1961 1203 2083 1286 Bam·

779 1341 856 1442 λέῑς
895 1341 923 1450 g
961 1329 1027 1420 ahu
1054 1333 1191 1450 Ιβῆςα
1211 1317 1553 1445 προσηἹαιρίζεΊο,
1590 1323 1846 1433 Scytharum
1881 1355 1999 1442 rages
2043 1343 2083 1414 ct

782 1467 944 1558 Ihcruca
969 1466 1008 1544 iu
1030 1463 1249 1550 amiciciam
1263 1457 1499 1572 pertraxit.
1567 1459 1713 1563 Haec,
1750 1459 1810 1540 ait
1834 1457 2079 1562 Memnon,

788 1593 982 1680 accidiiie
1023 1593 1200 1674 circiter
1239 1609 1289 1668 ea
1326 1604 1710 1714 temporaneum
1761 1582 1802 1670 S.
1840 1587 1886 1670 P.
1929 1590 1984 1706 Q.
2030 1590 2081 1675 R.
2183 1596 2184 1639 ¹

788 1721 1070 1812 Nicomeden
1105 1715 1367 1806 Nicomedis
1401 1734 1446 1793 et
1480 1710 1623 1819 Nysae
1663 1710 1802 1796 filium
1825 1738 1984 1820 regem
2011 1717 2079 1796 de·

787 1875 857 1936 ret
895 1849 1127 1956 Bithynis,
1171 1841 1457 1928 Mithridates
1487 1864 1601 1923 vero
1625 1839 1861 1930 Socratem
1878 1843 2080 1952 superio

630 1973 648 1986 “
789 1981 846 2064 ris
884 1975 1145 2064 Nicomedis
1182 1970 1365 2056 fratrem
1404 1989 1449 2050 et
1486 1968 1626 2077 ipsum
1662 1969 1946 2056 Nicomeden
2002 1995 2085 2055 co·

792 2106 1019 2214 gnomine‘
1048 2100 1278 2190 Chrestum
1315 2117 1590 2206 opponeret.
1660 2095 1836 2182 Constat
1878 2099 1978 2182 settis
2023 2105 2084 2186 Α.

792 2235 849 2315 V.
889 2228 937 2314 C.
979 2240 1082 2337 664
1125 2230 1201 2313 ista
1242 2223 1452 2310 accidrffe.
1518 2229 1574 2312 Α.
1612 2223 1665 2306 V.
1714 2225 1761 2312 C.
1803 2232 1916 2332 665.
1955 2225 2089 2312 hunc

796 2359 1079 2446 Nicomeden
1128 2354 1359 2444 chrestum
1413 2381 1437 2438 a
1482 2351 1645 2441 Senatu
1698 2350 1862 2436 hostem
1913 2355 2088 2438 indica.

797 2505 893 2572 tum
948 2485 1039 2593 ipse
1094 2482 1404 2585 Mithridates,
1457 2482 1532 2592 qui
1586 2500 1830 2582 conxerat,
1888 2481 1943 2566 de
1991 2507 2086 2566 me.

800 2615 877 2700 dio
931 2613 1104 2698 sustulit.
1171 2614 1229 2698 A.
1271 2609 1325 2696 V.
1363 2607 1415 2697 C.
1456 2617 1575 2694 666.
1629 2607 1919 2720 Bithyniam.
1955 2635 2081 2721 apet-

799 2761 852 2827 to
886 2743 1005 2826 hello
1039 2742 1247 2826 inuadens
1283 2736 1584 2843 Mithridates,
1618 2741 1936 2851 Romanorum
1965 2766 2082 2826 arma

798 2873 844 2954 in
880 2871 919 2954 se
958 2872 1199 2956 conuertit.
1266 2868 1366 2952 Hoc
1403 2869 1443 2948 ei
1479 2887 1648 2978 tempus
1686 2888 1994 2976 opportunum
2014 2871 2079 2952 ti·

798 3003 919 3100 sum,
965 3025 1063 3081 cum
1119 2998 1281 3101 partim
1336 2993 1528 3104 fregisset
1581 2994 1813 3103 Scythicos
1868 2996 2080 3105 populos,

801 3127 966 3238 partim
1007 3126 1231 3211 discordiis
1267 3121 1498 3232 litibusque
1533 3124 1720 3207 serendis
1741 3125 1964 3218 oretanos
1976 3181 1989 3228 ‚
2021 3129 2078 3210 in·

805 3254 955 3338 utndo
987 3255 1180 3338 comiter
1219 3251 1453 3334 sadiionem
1490 3247 1798 3370 suam-contra
1836 3253 2084 3362 validiores,

806 3379 1058 3466 firmauiss'et
1097 3383 1151 3462 ad
1196 3364 1677 3487 obsequiajlnstinns:
1712 3385 1785 3483 (7)
1828 3380 1881 3464 ah
1919 3378 2082 3484 Scythia

690 3543 695 3550 ·
805 3531 955 3622 quoque
989 3507 1506 3601 extruitutnnruc'rciubat.
1575 3505 1851 3619 GsIIograeci
1884 3514 2016 3594 etiam
2039 3536 2080 3596 et

811 3636 1035 3720 Sarmatae
1070 3619 1389 3744 Bast‘ernieqne
1428 3660 1509 3744 per
1544 3633 1716 3744 legatos
1749 3638 1807 3718 ad
1840 3640 2002 3724 auxilia
2025 3631 2079 3722 fe»

737 3801 741 3814 ·
810 3765 947 3846 tenda
986 3759 1221 3846 sollicitati.
1290 3765 1358 3849 Ex
1395 3789 1452 3845 eo
1488 3785 1697 3872 tempore
1734 3787 1957 3876 tamqnam
1999 3794 2080 3854 tur·

811 3891 871 3972 bo
908 3891 1060 4000 ahqnis
1094 3892 1369 3993 desueuiens,
1405 3891 1526 3973 sumni
1565 3913 1709 3978 totam
1748 3894 1924 3998 Atiam,
1968 3897 2079 3982 sumni
2188 3918 2189 3993 t

813 4017 1043 4108 Graeciam
1082 4021 1315 4128 insulasque
1363 4045 1518 4102 omnes
1571 4023 1613 4104 in
1667 4023 1935 4129 potestatem
1975 4053 2078 4110 acre·

817 4151 897 4253 pir.
959 4149 1008 4230 L.
1048 4147 1283 4236 Cornelius
1319 4147 1434 4233 Sulla
1469 4175 1565 4232 eum
1607 4149 1820 4258 redegisse
1865 4156 2078 4240 videbatur

816 4275 859 4354 in
898 4277 1123 4379 ordinem,
1161 4297 1375 4360 cumrex
1411 4301 1518 4384 paee
1562 4280 1666 4360 inita
1723 4283 1899 4368 condius
1956 4289 2082 4371 estin

815 4425 1001 4510 regnum
1036 4407 1155 4487 Ioum
1190 4410 1232 4487 ie
1264 4407 1465 4512 recipere
1501 4408 1553 4490 Α.
1575 4406 1629 4487 V.
1661 4406 1712 4492 C.
1741 4417 1861 4509 6702

1965 4548 2086 4630 Erunt

902 4725 958 4800 (ἶ)
983 4723 1001 4780 l.
1024 4722 1191 4784 XXXVIII.
1213 4743 1239 4801 3,
