4459 6017
237 577 746 680 DIFFERENTIAM
780 573 1312 682 COGNOSCENDAM.
1360 623 1445 703 275
1570 577 1577 585 ¹

273 814 309 914 i.
347 856 393 932 4.
429 825 628 910 Tandem
672 825 940 934 pondusculo
978 829 1243 935 eximantur,
1273 853 1316 916 et
1337 856 1437 939 gra·

147 956 310 1038 uitates
347 977 521 1056 eorum,
546 951 589 1035 in
611 953 709 1063 ipsts
742 952 949 1060 signatae,
973 953 1263 1068 colligantur,
1292 980 1337 1042 et
1359 986 1437 1068 ap-

154 1081 342 1191 parebit,
378 1085 675 1190 qunntninter
712 1099 912 1194 utrasque
949 1108 1075 1193 aquas
1104 1083 1155 1169 fit
1185 1084 1434 1170 differentia
1519 1176 1522 1182 ,

155 1203 347 1323 specifica
384 1210 623 1316 grauitatis
671 1301 674 1309 ¹

272 1327 313 1424 5.
349 1363 392 1442 5.
433 1334 479 1422 Si
514 1359 625 1419 vero
661 1337 857 1446 experiri
874 1341 1037 1447 cupias,
1060 1359 1207 1423 rtrum
1228 1338 1433 1427 differen-

148 1465 213 1546 tia
247 1464 486 1574 liquorum,
508 1487 588 1570 per
619 1461 923 1554 istromentum
946 1467 1144 1570 inuenta,
1167 1468 1432 1576 respondent
1547 1474 1551 1484 '

105 1644 108 1653 ·
151 1591 471 1706 proportioni,
506 1615 613 1700 quae
647 1593 864 1682 indicitur
899 1592 1132 1702 nbilanc‘e,
1155 1595 1356 1706 adquam
1377 1599 1429 1681 li·

144 1746 264 1833 quor
300 1741 482 1832 vterque
511 1718 691 1802 libratus
727 1717 808 1824 est,
846 1719 932 1804 itoc
955 1722 1111 1826 „nrodo
1141 1742 1255 1832 uger‘

269 1838 306 1936 §.
342 1853 391 1931 6.
426 1843 673 1932 Affumatu'r
707 1847 865 1958 lagena
899 1849 1130 1952 uitreaA,
1167 1853 1237 1936 cui
1275 1854 1431 1936 embo-

145 1979 213 2062 lus
258 1979 427 2062 vitreus
471 1973 547 2082 (b)
598 1976 659 2058 ito
708 1979 897 2062 terendo
945 1996 1119 2086 optatus
1161 1977 1244 2083 est,
1288 1998 1338 2062 vt
1377 1980 1430 2065 ud

151 2105 302 2187 tertios
340 2102 510 2212 repleta
548 2100 699 2210 lagena
718 2104 871 2212 spiritu
890 2104 1007 2207 vini,
1031 2105 1061 2189 sr
1084 2106 1258 2191 inuetso
1287 2107 1431 2192 modo
1564 2103 1572 2114 ’

108 2217 113 2228 ’
147 2235 356 2320 statuatur
378 2235 422 2314 in
443 2229 566 2334 loco,
592 2230 684 2334 soli,
703 2231 776 2316 vel
796 2227 931 2322 ctiori
953 2232 1004 2316 ad
1033 2231 1259 2320 fornacem
1282 2259 1429 2343 expo·

152 2360 258 2474 snm,
295 2387 373 2470 per
413 2387 485 2444 η.
524 2358 676 2464 hornS,
722 2363 934 2470 expansus
975 2385 1055 2469 per
1090 2362 1192 2444 solis
1228 2364 1427 2457 colorem

149 2491 312 2600 liquor,
344 2506 391 2572 et
410 2493 508 2595 nb'r,
542 2515 599 2577 ne
618 2487 832 2598 guttulam
865 2489 1047 2605 quidem
1071 2490 1331 2598 exprimere
1353 2515 1430 2576 ra·

150 2616 271 2702 lennt
310 2621 361 2704 de
400 2615 570 2728 Spiritu·
601 2618 707 2703 Vini
729 2671 742 2724 ,
779 2619 823 2702 in
862 2615 1087 2704 embolum
1124 2616 1431 2705 incumbente:

151 2748 194 2834 id
232 2748 352 2858 quod¹
384 2747 550 2832 indicio
589 2749 672 2832 erit
709 2747 859 2834 extorre
893 2743 1057 2830 clausae
1095 2744 1336 2854 ingenuloe.
1427 2767 1431 2772 ’

268 2866 303 2964 §.
344 2895 388 2978 7.
425 2876 548 2967 Tunc
590 2875 818 2985 repleatur
864 2872 1018 2986 legent
1058 2873 1235 2984 liquore
1278 2873 1444 2982 aliquo·

149 3001 366 3107 librando,
387 3025 517 3112 usque
557 3006 608 3089 ad
629 3007 869 3106 summum,
890 3001 1429 3111 ,imprimaturenrbolus,
1564 3075 1571 3084 .

145 3151 198 3214 vt
238 3129 470 3240 superfluat
504 3128 675 3252 liquor,
715 3129 978 3241 abstergatur
1004 3125 1177 3239 linteo,
1215 3148 1261 3213 et
1295 3128 1428 3214 libre'·

147 3277 220 3342 tur
239 3259 293 3346 ad
312 3258 529 3344 bilancem
567 3260 862 3362 mediocrem,
879 3260 952 3346 sed
971 3258 1271 3363 celerrimam,
1292 3255 1439 3369 quatis,

148 3409 274 3490 mer,
308 3413 415 3498 quoe
437 3409 481 3495 ς.
510 3386 604 3476 libr.
626 3408 862 3500 aggtouata
879 3385 1022 3474 adhuc
1044 3391 1074 3504 ,if
1098 3411 1249 3496 green,
1278 3383 1429 3496 super·
1472 3401 1477 3410 ’

146 3516 305 3627 pondii
321 3517 506 3619 indicat,
530 3538 574 3604 et
595 3517 864 3627 colliguntur
881 3516 1096 3625 pondero.
1167 3517 1269 3602 Hoc
1291 3521 1427 3598 etiam

143 3645 392 3732 instituetur
412 3671 526 3746 cum
568 3645 712 3744 altero
735 3645 945 3754 ¹liquore,
980 3645 1147 3726 eodem
1175 3646 1342 3746 modo,
1381 3658 1428 3726 et

145 3775 396 3884 ponderum
434 3777 684 3862 differentia
722 3773 928 3860 indicabit
948 3771 1264 3858 ,differentiam
1284 3772 1427 3885 liquo·

144 3929 246 3988 rum
285 3902 548 4010 specificam.
734 3902 738 3912 '
1159 3928 1164 3937 ·
1619 3974 1622 3981 r

272 4018 308 4118 i.
344 4038 388 4112 8.
425 4031 619 4135 Deinde,
641 4034 804 4118 eodem
848 4050 1075 4142 tempore,
1112 4028 1307 4139 liquores
1328 4049 1427 4110 ere·
1566 4123 1572 4136 „
1619 4055 1626 4063 ’

148 4161 280 4259 dem,
319 4185 427 4270 quoe
467 4163 510 4244 in
551 4161 702 4270 lagena
740 4160 915 4245 fuerunt
938 4216 950 4265 ,
990 4161 1301 4244 examinentur
1347 4179 1428 4266 pet

143 4290 476 4374 instrumentum
517 4312 641 4374 anter
681 4289 970 4399 deicriptum,
1007 4312 1052 4373 et
1074 4288 1286 4390 inuenies,
1309 4283 1429 4396 quod
1506 4274 1513 4288 ’

145 4417 399 4502 concordet
440 4419 686 4527 proportio
723 4418 994 4504 differentiae
1032 4419 1258 4523 grauitatis
1289 4415 1429 4524 speci·

147 4543 286 4651 ficte,
318 4567 507 4660 rtroque
531 4545 671 4631 modo
692 4545 878 4655 quaesita
900 4544 1016 4652 inter
1033 4545 1160 4630 binos
1179 4543 1385 4758 liquoges.
1525 4599 1530 4608 -

735 4675 817 4762 Nn
859 4701 885 4756 2
1327 4726 1337 4751 .
1378 4697 1425 4775 9.
