4459 6017
615 495 619 504 ’
764 513 876 619 ‘²³⁶
1258 489 1351 598 DE
1384 485 1600 590 NOTIS..

768 746 919 830 locum
955 767 1046 828 non
1083 738 1238 838 habet,
1272 715 1443 846 partim
1492 759 1606 823 reto
1655 733 1751 844 plns
1791 739 1928 846 attis,
1981 763 2061 848 pe-

769 875 956 960 tientiae
994 895 1125 982 atque
1162 867 1500 978 imaginationis
1539 869 1749 975 requirit,
1788 893 1915 976 quam
1939 872 2059 978 quod

768 1031 794 1090 a
831 1025 995 1113 tyrone
1034 999 1261 1109 expectari
1303 993 1451 1108 potiit.
1514 993 1689 1082 Dentes
1733 997 1912 1104 quidem
1939 1022 2060 1084 anter

769 1136 1047 1246 coquendum
1084 1151 1400 1237 nonuunquam
1451 1117 1690 1212 excidunt:
1739 1122 1866 1208 facile
1912 1151 2059 1212 autem

767 1268 1080 1373 redaptantur,
1100 1258 1132 1344 st
1151 1258 1204 1342 ad
1227 1258 1464 1343 discrimen
1486 1256 1606 1348 inter
1626 1257 1785 1338 dentes
1805 1254 2059 1366 inclinatos,
2173 1260 2174 1271 '

768 1398 988 1498 molares,
1026 1411 1071 1475 et
1106 1388 1290 1474 caninos
1320 1379 1619 1486 uotiliimum,
1659 1385 1855 1492 itemque
1876 1386 1930 1468 ad
1955 1384 2053 1495 pro'

768 1524 1064 1634 portionem,
1098 1545 1209 1631 quae
1244 1519 1364 1605 inter
1403 1511 1608 1601 alueolos
1641 1512 1881 1626 dentesque
1919 1517 2053 1604 inter·

763 1655 909 1772 aedit,
947 1647 1207 1737 attendea'o.

885 1912 943 2002 11.
972 1911 1024 2000 In
1056 1909 1260 2016 uertebris
1282 1909 1605 1998 ordinandisin
1622 1911 1742 1996 usum
1766 1907 1982 1996 trahenda
2001 1902 2060 1997 est

765 2043 980 2156 generalis
1015 2043 1090 2128 illa
1128 2040 1310 2150 diuifio‚
1339 2067 1557 2153 quatenus
1592 2046 1636 2124 in
1657 2042 1918 2145 ceruicales,
1951 2043 2054 2126 dot·

763 2177 869 2260 fales
907 2196 953 2258 et
988 2171 1538 2281 lumbaresdispelcuntur.
1608 2168 1801 2279 Singulis
1820 2171 2058 2280 enirn-spe

766 2303 911 2387 eiebus
948 2301 1006 2386 sui
1044 2299 1287 2411 peculiares
1320 2301 1726 2388 santcharastereu
1794 2299 1910 2388 Com
1934 2305 2055 2386 enirn

767 2435 817 2518 id
847 2433 896 2516 in
929 2432 1051 2540 spina
1089 2429 1209 2561 dorsq
1241 2431 1290 2514 in
1323 2455 1492 2542 genere
1528 2429 1847 2523 obseruandum
1886 2427 1937 2514 sat
1956 2442 2056 2536 „ut

617 2633 620 2640 .
766 2587 798 2648 ae
810 2561 1016 2681 principio
1028 2557 1234 2666 adfinem,
1243 2563 1391 2672 quoad
1408 2559 1641 2647 etaliitiem
1660 2581 1714 2648 et
1726 2560 1862 2646 tubat
1881 2563 1971 2646 itan
1977 2583 2054 2672 pet

765 2686 939 2804 suescat,
953 2691 1082 2776 aliter
1105 2717 1156 2776 aa
1174 2694 1219 2776 in
1238 2693 1449 2798 bumis‚.in
1469 2693 1623 2804 quibus
1638 2691 1800 2776 eodem
1823 2692 1985 2777 ordine
2004 2693 2057 2778 ad

765 2821 1082 2934 lumbosusque
1103 2821 1333 2914 mertun:
1348 2820 2056 2934 proptereavertebaaecollilunt

645 3027 649 3034 ,
770 2955 973 3040 omnium.
1005 2951 1238 3058 munimae,
1276 2949 1529 3038 lumborum
1558 2957 1651 3038 lunt
1674 2952 1919 3056 maximae,
1950 2953 2056 3038 dor·

766 3071 1040 3184 falesautem
1061 3065 1408 3190 magnitudinem
1430 3084 1621 3168 mediam
1651 3082 1853 3190 seruant;
1883 3079 2057 3186 sedita,

766 3234 818 3298 vt
844 3235 939 3323 quo
967 3211 1106 3322 magis
1142 3213 1428 3321 deletudant,
1460 3239 1520 3297 eo
1559 3214 1702 3322 magis
1733 3215 1870 3298 etiarn
1899 3212 2053 3296 craffe-

766 3341 907 3429 stant.
971 3340 1512 3451 Corpoanuertebrarnm
1531 3339 1662 3446 colli,
1703 3365 1791 3454 pro
1815 3334 2057 3428 altitudine

766 3473 838 3576 fita
872 3461 1248 3577 laurisannum,
1287 3497 1484 3583 corpora
1519 3472 1825 3558 uertebrarum
1851 3471 1969 3556 doafi
1990 3473 2052 3558 sa·

754 3604 954 3714 periura·
987 3601 1183 3691 eandem
1211 3602 1419 3687 videntur
1458 3604 1630 3688 seruare
1674 3604 2054 3713 proportionem

768 3741 880 3818 mox
917 3753 1032 3816 uero
1066 3732 1259 3816 altitudo
1294 3753 1338 3818 et
1388 3731 1581 3820 latitudo
1618 3729 1694 3818 fibi
1736 3727 1925 3845 aequalis
1972 3731 2057 3837 eli,

768 3887 887 3962 tum,
922 3884 1037 3972 quae
1052 3860 1298 3972 sequamur,
1324 3886 1542 3972 apparent
1562 3859 1714 3951 altiora
1734 3887 1863 3974 quam
1886 3857 2056 3968 latiorap

767 3989 920 4080 infima
960 4010 1113 4073 autem·
1148 4013 1194 4074 et
1233 4017 1433 4100 corpora
1453 3995 1760 4078 vertebrarum
1789 3989 2053 4076 lumbarium
2176 3978 2177 4031 ³

767 4127 912 4208 denuo
949 4116 1167 4207 utnudine
1193 4123 1359 4205 maiori·
1393 4148 1484 4234 pro
1500 4121 1736 4210 altitudine
1755 4118 1824 4206 sua
1838 4123 2052 4229 gaudent.

768 4249 1017 4336 Vertebrae
1055 4270 1294 4359 praeterea
1326 4251 1441 4336 dorsi
1477 4252 1535 4335 ad
1579 4275 1825 4362 corporum
1874 4249 2052 4336 suorum

768 4381 996 4487 margines·
1024 4378 1227 4465 laterales
1262 4380 1381 4466 leues
1407 4381 1519 4496 strata
1556 4379 1745 4484 liabent,
1784 4381 1935 4492 quibus
1972 4405 2049 4466 ce·

766 4513 854 4602 fiae
887 4507 1231 4623 implantantur.
1296 4507 1546 4601 Vette‘hrae
1584 4509 1685 4600 tulli
1732 4511 1899 4602 habeut
1927 4537 2053 4622 ,pro-

1916 4641 2054 4732 teffite
2176 4730 2177 4741 Ν
