4459 6017
813 551 910 644 272
1027 519 1118 624 DE
1139 519 1521 631 'archoum
1554 519 1885 630 PONDERIS.

925 761 963 864 i·
1010 793 1086 858 tt.
1121 773 1210 859 Pto
1231 758 1445 885 perpetua
1466 772 1708 884 agitatione
1727 775 1984 864 concilianda
1996 781 2049 866 in·

808 899 1096 990 strumentum
1136 903 1291 1014 selegi,
1326 926 1416 1014 quo
1450 902 1552 988 alies
1590 902 1802 988 motusio
1822 931 2045 1019 uacuoper.v

807 1027 880 1118 fici
915 1027 1055 1136 solet,
1093 1030 1202 1115 loco
1240 1053 1353 1114 tero
1388 1030 1691 1141 brachii,·qui
1739 1031 1849 1127 aliae
1882 1032 2045 1119 inferiori

808 1157 1086 1246 extremitati
1124 1182 1349 1254 connexus
1380 1159 1470 1264 eu,
1511 1159 1665 1242 orbem
1692 1154 1906 1269 quendem
1931 1166 2044 1273 mino·

807 1311 904 1373 rem
944 1281 1135 1395 pluribus
1172 1288 1331 1370 aculeis
1371 1285 1441 1371 tel
1480 1286 1723 1399 cuspidibus
1757 1287 2044 1373 orichalceisiu

807 1414 1093 1500 extremitate
1129 1413 1196 1499 sua
1219 1414 1549 1500 totundiulculis
1570 1414 1778 1526 adaptare
1798 1419 1949 1503 curaui.
1986 1417 2043 1506 nt-

805 1563 929 1628 terae
967 1537 1214 1628 difficultati
1253 1542 1314 1627 ita
1331 1541 1516 1631 succurri
1554 1541 1741 1652 poterit.
1808 1543 2040 1632 Catinusan-

805 1665 934 1771 tilae,
967 1691 1182 1780 campana
1219 1691 1265 1756 et
1302 1663 1625 1780 omuia,·qnne
1663 1669 1716 1754 ad
1756 1692 1914 1782 corpus
1946 1669 2042 1756 calci·

806 1801 997 1885 neudum
1032 1821 1125 1881 non
1165 1816 1419 1906 pertinent,
1458 1819 1654 1882 ettamen
1679 1798 1762 1907 pro
1791 1800 2042 1885 calcinatioue

805 1926 851 2011 in
889 1947 1028 2010 uacuo
1067 1922 1323 2011 instituenda
1349 1923 1581 2012 netell‘nria
1610 1925 1733 2028 suut,
1773 1922 1924 2013 statera
1949 1947 2044 2011 autea

806 2053 1066 2165 pendantur.
1137 2051 1228 2160 Sic,
1255 2072 1352 2136 utut
1388 2056 1497 2138 alitis
1531 2053 1713 2140 accell‘us
1747 2050 2042 2141 haudadmitta·

654 2275 656 2279 ,
806 2199 891 2286 tur,
907 2181 1113 2290 corporis
1134 2179 1305 2264 subinde
1327 2181 1651 2269 incrementum
1672 2180 1900 2268 diiudicari
1915 2179 2040 2293 potest,

806 2308 963 2396 statera
1001 2293 1140 2418 penlis
1177 2308 1378 2394 omnibus
1414 2307 1537 2395 fimul
1574 2309 2043 2421 detractoquerpondere

805 2463 986 2544 eorum,
1022 2459 1132 2550 quae
1173 2459 1265 2523 non
1302 2431 1440 2552 ipsum
1460 2459 1621 2551 corpus
1642 2435 1939 2528 calcinandum
1961 2461 2043 2554 conj

747 2633 750 2641 ,
807 2567 999 2656 llituunt.
1072 2565 1076 2570 ’
1146 2580 1155 2588 ”

918 2813 959 2914 ’9.
1000 2849 1078 2910 u.
1115 2823 1370 2915 Cumuero
1408 2825 1575 2911 tatinus
1611 2826 1774 2912 antliae
1822 2854 1913 2916 non
1947 2818 2043 2938 polit

804 2975 847 3038 a·
867 2941 1072 3062 cylindro
1111 2955 1202 3037 eius
1239 2952 1283 3037 in
1314 2951 1519 3038 machina
1551 2949 1830 3066 Leupoldinna
1866 2961 1924 3042 ita
1955 2955 2043 3063 sepa·

798 3080 914 3186 rari,
951 3100 1000 3166 vt
1036 3102 1244 3166 manente
1281 3105 1445 3184 vacuo,
1478 3082 1525 3166 in
1565 3084 1718 3167 orbem
1755 3087 1877 3171 uerti
1898 3082 2043 3166 nonde·

804 3204 927 3315 beat,
962 3233 1070 3321 quae
1096 3208 1243 3296 uerfio
1279 3210 1509 3294 materiem
1542 3211 1843 3297 culcinandam
1867 3209 2045 3296 incatino

789 3336 1076 3449 undiquaque
1098 3340 1399 3452 dispergeret,
1436 3338 1540 3420 ideo
1561 3337 1758 3449 cylinder
1777 3339 1935 3425 antliae
1953 3330 2047 3424 limul

799 3487 902 3548 eum
940 3468 1090 3552 catino
1129 3485 1175 3552 et
1210 3487 1420 3579 campana
1456 3469 1648 3576 appendi
1670 3463 1841 3554 neceffe
1863 3465 1933 3554 ell.
1981 3457 2046 3548 Sed

799 3608 898 3678 tum
937 3595 989 3679 ad
1027 3595 1195 3708 aliquot
1239 3618 1371 3704 grana
1418 3599 1528 3680 certi
1574 3586 1658 3682 elle
1704 3620 1795 3682 non
1845 3592 2046 3706 pod'untns,

802 3719 901 3831 quia
936 3719 1092 3808 statera
1130 3726 1284 3833 ingens
1316 3722 1627 3836 requireretur.
1694 3724 1821 3840 Iden
1844 3723 2046 3812 liericura·

802 3851 846 3934 ui
879 3849 1028 3937 tubum
1068 3848 1394 3955 orichalceum,
1435 3880 1480 3959 3.
1526 3851 1704 3936 circiter
1748 3852 1901 3964 pollic.
1941 3842 2048 3954 negt.

701 4071 702 4074 Ν
802 3971 1013 4086 longum,
1052 3981 1122 4064 cui
1159 3978 1329 4065 inferne
1364 3977 1550 4065 cochlea
1582 3978 1776 4085 foemina
1813 4002 1859 4067 et
1902 3980 2048 4088 superne

652 4189 654 4194 ,
800 4103 984 4189 cochlea
1022 4129 1135 4209 mas,
1175 4108 1303 4217 inque
1331 4107 1484 4192 medio
1526 4108 1833 4217 epistomium,
1873 4109 2049 4218 adaptata

651 4303 693 4359 s
800 4231 909 4316 sunt.
977 4231 1176 4322 Cochlea
1211 4233 1407 4320 foemina
1442 4237 1596 4348 recipit
1644 4235 1875 4323 cochleam
1910 4251 2048 4324 maren

802 4356 938 4445 tubuli
973 4383 1030 4446 ex
1065 4359 1267 4474 cylindro
1304 4365 1465 4448 antliae
1504 4366 1788 4473 prodeuntis,
1830 4384 1876 4448 et
1901 4383 2047 4447 masre-

802 4488 965 4602 cipltur
1001 4488 1245 4592 acuchlea
1280 4490 1475 4577 foemina
1509 4495 1658 4579 catini.
1728 4493 1954 4582 Medi-unte
1983 4489 2051 4572 hoc

1371 4621 1375 4633 '
1964 4617 2049 4706 tubo
