4459 6017
745 515 845 602 aar
892 461 1424 634 oaranuanonns
1458 485 1915 595 anatourcaa:

745 751 814 836 tio
836 774 996 858 corpus
1019 744 1323 833 subcutaneum
1344 739 1528 851 adiposo
1551 737 1805 827 cellulosum
1821 739 2015 850 frequen·

744 901 815 966 ter
852 880 1097 962 obnoxium
1138 873 1224 958 elle
1259 873 1400 974 solet,
1439 873 1615 984 qnando
1653 896 1724 956 aut
1769 870 1907 956 setosa
1949 889 2019 952 aut

746 1015 874 1094 aerea
913 1031 985 1090 aut
1021 1007 1101 1089 alia
1138 1005 1452 1090 materiaeius
1487 1001 1690 1086 vesiculas
1724 1001 2014 1103 distendente,

749 1143 796 1230 in
832 1139 964 1222 variis
1001 1135 1110 1220 cutis
1146 1132 1419 1239 regionibui‚
1457 1133 1528 1214 vel
1572 1127 1911 1244 Empbysematis,
1955 1127 2021 1212 vel

752 1263 1077 1378 Tynrpauitidis‚
1151 1264 1224 1347 uel
1275 1252 1504 1370 Anasarcae
1558 1261 1726 1371 specie,
1781 1257 2024 1369 superficies

749 1403 960 1507 eorporis
996 1393 1200 1478 exterior
1235 1391 1402 1478 uesicae
1439 1392 1570 1476 instar
1606 1391 1868 1475 intumescit.

869 1664 918 1738 6.
993 1654 1234 1742 Caeterum
1290 1649 1337 1732 in
1371 1651 1617 1736 istiusmodi
1669 1650 1864 1761 partibus
1916 1649 2026 1736 haud

751 1809 888 1895 aeque
936 1785 1096 1867 mirum
1142 1783 1188 1864 id
1229 1778 1372 1864 uideri
1417 1780 1548 1867 debet
1605 1805 1654 1863 ac
1699 1783 1743 1864 in
1794 1780 2025 1889 intellitur,

691 1915 693 1922 ’
752 1940 941 2026 quorum
973 1911 1185 1998 uidelicet
1230 1927 1408 1993 textura
1447 1912 1631 1997 solidior
1675 1909 2026 2020 partricularum·

753 2070 835 2156 que
878 2067 1012 2128 nexus
1046 2061 1091 2124 et
1131 2043 1356 2125 contadlua
1391 2041 1599 2124 intimior
1634 2038 1877 2150 praefatam
1918 2041 2027 2122 tuni·

754 2199 902 2274 carum
977 2168 1267 2253 diuulstonem
1328 2168 1711 2277 separationemue
1773 2171 2026 2281 perarduam

756 2303 917 2390 nedum
972 2295 1282 2408 impoffibiletn
1321 2298 1510 2384 reddere
1552 2299 1756 2402 videtote
1817 2299 1922 2386 Imo
1969 2301 2027 2382 di·

629 2485 640 2518 t
754 2429 971 2540 ligentior
1006 2428 1071 2513 tei
1119 2425 1420 2512 consideratio
1458 2427 1629 2533 effecit,
1667 2452 1717 2513 at
1753 2431 1809 2514 de
1849 2430 2030 2540 originis

640 2661 644 2668 ¹
755 2581 802 2648 et
841 2555 1125 2644 formationis
1162 2559 1208 2640 in
1244 2544 1467 2642 intestinis·
1497 2558 1683 2644 ratione.
1719 2559 1943 2664 dubitem,
1983 2586 2032 2644 aa

757 2691 948 2778 eiusdem
991 2688 1166 2798 generis
1204 2685 1634 2772 intumescentiarum
1672 2691 1903 2776 communi
1943 2691 2029 2772 oti·

754 2822 847 2933 gitti
870 2847 917 2904 ea
941 2808 1237 2933 respoudeat?
1274 2813 1347 2898 vel
1369 2839 1551 2923 contra,
1569 2818 1708 2928 (quod
1737 2815 1849 2900 milri
1869 2818 2030 2924 aerqfi·

759 2948 996 3034 millimum
1035 2946 1239 3050 videtur)
1274 2945 1485 3055 peculiari
1530 2944 1695 3030 caussae
1738 2951 2032 3060 propriaeque

758 3075 1041 3186 dispositioni
1080 3075 1419 3180 intestinorum,
1472 3075 1556 3189 qul
1597 3075 1807 3162 uidelicet
1851 3081 2034 3163 materia
2173 3096 2174 3171 i

758 3210 887 3292 adana
921 3203 1233 3325 intestinorum
1269 3229 1421 3290 cauum
1466 3231 1719 3318 permeans,
1773 3211 2034 3296 eorumdem

759 3339 927 3426 tunicas
964 3331 1238 3444 peruadendi
1272 3331 1525 3422 facultatem
1564 3337 1762 3450 acquirit.
1893 3374 1900 3384 ·

886 3595 1007 3698 7.Vt
1027 3597 1219 3706 irruptio
1241 3597 1351 3682 aistis
1369 3594 1519 3683 locum
1540 3595 1699 3684 habere
1736 3620 1893 3711 queat,
1931 3601 2038 3687 suffi-

668 3769 671 3780 ·
759 3723 823 3805 eit
860 3721 889 3804 sa
927 3750 1007 3831 per
1030 3726 1358 3812 admixtionem
1380 3729 1687 3840 adlionemque
1725 3731 2037 3840 particularum

764 3874 787 3932 e
829 3877 958 3958 praua
997 3853 1315 3940 alimentorum
1363 3856 1801 3972 potulentorumqne'
1830 3863 2037 3974 qualitate

762 3980 1088 4084 resultantium,
1127 3987 1160 4070 is
1197 3990 1269 4072 a'e'r
1305 3986 1358 4077 ud
1395 3989 1616 4072 maiorem
1638 3989 1882 4077 subtilitatis
1902 3993 2040 4079 tenui·

760 4111 948 4218 tutisque
986 4114 1166 4220 gradum
1205 4114 1638 4228 dispositionemque
1684 4122 1810 4229 poris
1844 4119 2037 4207 minutis·

763 4236 880 4322 samis
919 4245 1206 4347 peruadendie
1243 4267 1390 4355 aptam
1429 4249 1709 4357 perducatur,
1743 4251 1872 4360 inque
1911 4250 2039 4337 cellu-

762 4365 814 4452 lis
850 4393 899 4452 ac
944 4369 1128 4460 flexibus
1171 4373 1498 4480 intestinorum,
1538 4379 1591 4464 ad
1628 4377 1933 4466 membranam
1977 4385 2040 4464 seu

764 4499 959 4589 tunicam
998 4503 1264 4590 interiorem
1303 4507 1577 4624 applicetur,
1623 4535 1704 4623 qna
1753 4511 2040 4626 dispositione

1931 4665 2036 4726 coll·
